3360 5172
428 398 470 464 80
793 396 1154 466 nescnccnmo
1420 393 1523 488 [1vs

426 590 540 656 regum
562 569 784 638 munificentia
805 570 946 638 contulit
967 569 1122 651 ecclesiis,
1134 569 1188 637 vel
1206 569 1269 636 hiis
1289 570 1345 654 qui
1367 570 1414 636 eis
1436 569 1523 636 mili-

426 683 546 752 tarunt,
562 675 714 741 infundis
733 675 801 742 suis
818 695 884 758 que
901 695 1023 742 corone
1041 675 1308 757 annominantur,
1319 675 1522 760 quibusdam

426 778 543 844 blanca
557 778 755 862 quibusdam
771 798 917 844 numero.

468 880 663 966 Descr'pulus.
709 881 826 948 Mouet
846 902 899 946 me
919 881 1009 966 quod
1030 881 1111 948 dicis
1128 882 1291 967 quosdam
1312 881 1432 947 fundos
1449 879 1523 946 dari

397 983 562 1060 sblancos
576 985 738 1068 quosdam
754 1005 899 1053 numero.
1184 1067 1186 1074 y

469 1088 644 1172 Magister.
689 1089 930 1173 Prosequamur
949 1089 991 1154 ad
1010 1109 1145 1174 presens
1164 1089 1207 1155 de
1227 1087 1394 1174 scriptoris
1412 1085 1523 1152 officio

426 1201 461 1258 et
490 1191 524 1257 in
551 1191 690 1275 agendis
717 1193 921 1258 vicecomitis
952 1213 1051 1276 super
1079 1192 1143 1257 hoc
1173 1192 1200 1257 si
1231 1191 1313 1257 libet
1345 1192 1522 1274 interroga

427 1295 507 1360 Post
528 1305 632 1361 terras
651 1297 757 1372 datas,
773 1294 862 1363 iacto
876 1295 1051 1362 interuallo
1068 1297 1164 1361 vnius
1185 1294 1280 1372 lines,
1297 1305 1333 1360 vt
1347 1295 1523 1359 videantur

389 1401 527 1465 Tetiarn
551 1399 624 1482 ipsa
645 1400 697 1465 sui
720 1401 848 1466 ratione
873 1401 1030 1482 seiuncta,
1053 1409 1254 1466 annotantur
1277 1419 1318 1464 ea
1343 1418 1409 1481 que
1434 1398 1522 1464 tussa

383 1525 414 1563 ro
426 1512 501 1568 sunt
521 1504 564 1569 de
582 1503 678 1568 firma
698 1504 843 1588 expendi
862 1525 921 1589 per
935 1504 1049 1572 breuia
1065 1505 1160 1588 regis,
1174 1503 1251 1588 quia
1266 1502 1328 1568 hec
1343 1502 1523 1568 constituta

425 1627 493 1672 non
516 1616 595 1673 sunt
617 1617 668 1672 set
689 1607 840 1673 casualia
885 1607 1039 1692 Quedam
1062 1609 1163 1674 etiam
1185 1628 1251 1692 que
1272 1607 1342 1672 sine
1363 1605 1522 1672 breuibus

425 1719 661 1797 computantur
678 1731 737 1795 per
758 1713 1029 1778 consuetudinem
1049 1710 1211 1788 scaccarii,
1233 1711 1276 1775 de
1298 1711 1418 1794 quibus
1439 1708 1523 1776 infra

426 1815 572 1893 dicetur;
601 1824 635 1880 et
654 1814 700 1879 sic
718 1815 914 1879 terminatur
932 1824 1107 1900 compotus
1125 1813 1168 1880 de
1182 1834 1321 1896 corpore
1336 1813 1522 1879 comitatus.

427 1919 507 1984 Post
535 1917 597 1984 hec
626 1916 713 1982 sacto
744 1917 916 1983 interuallo
945 1919 1039 2001 quasi
1067 1918 1110 1983 vi.
1138 1917 1191 1983 vel
1216 1917 1269 1982 vii.
1295 1917 1454 1982 linearum
1483 1915 1522 1982 fit

383 2051 393 2088 ι
398 2049 413 2100 5
426 2029 603 2105 compotus
621 2020 665 2086 de
686 2021 905 2106 purpresturis
919 2030 954 2087 et
968 2021 1105 2089 escaetir
1126 2020 1189 2088 sub
1210 2020 1262 2086 his
1280 2021 1390 2087 verbis
1405 2020 1521 2087 ‘Idem

426 2124 609 2190 vicecomes
635 2123 744 2189 reddit
769 2135 962 2209 compotum
987 2126 1031 2191 de
1056 2125 1152 2190 firma
1177 2133 1462 2209 purpresturarum
1488 2133 1523 2189 et

384 2287 387 2294 .
428 2225 652 2294 escaetarum.¹
696 2227 758 2294 Set
779 2237 814 2293 et
836 2229 880 2294 de
899 2229 1054 2295 omnibus
1071 2229 1174 2296 firmis
1190 2229 1409 2294 maneriorum
1427 2238 1461 2294 et
1479 2227 1524 2293 de

427 2352 525 2398 censu
545 2351 718 2397 nemorum
737 2352 803 2417 que
821 2333 991 2399 annuatim
1011 2333 1174 2400 debentur
1193 2342 1227 2399 et
1246 2332 1429 2410 soluuntur,
1446 2340 1523 2415 post

427 2436 488 2500 hec
513 2456 574 2500 suo
598 2435 713 2501 ordine
738 2437 886 2520 compoti
916 2436 1119 2503 collocantur
1143 2437 1294 2521 exceptis
1323 2436 1522 2520 quibusdam

384 2565 415 2604 ιο
427 2539 616 2604 ciuitatibus
631 2547 664 2604 et
678 2538 763 2606 villis
778 2549 811 2604 et
826 2539 946 2606 bailliis
961 2561 1100 2624 quarum
1116 2543 1256 2606 maiores
1274 2541 1423 2623 compoti
1436 2549 1523 2618 sunt,

427 2641 506 2727 quia
519 2644 717 2709 constitutas
731 2643 855 2710 habent
869 2643 1065 2710 elemosinas
1080 2643 1131 2709 vel
1147 2644 1356 2710 liberationes
1370 2652 1404 2708 et
1419 2652 1522 2708 terras

428 2746 524 2811 datas
554 2755 588 2811 et
616 2747 659 2811 ad
690 2749 843 2813 custodes
872 2767 985 2812 earum
1016 2747 1149 2831 proprie
1177 2747 1448 2813 summonitiones
1479 2747 1522 2811 de

427 2849 549 2915 debitis
569 2851 655 2936 regis
673 2850 865 2934 diriguntur.
911 2852 966 2916 De
981 2849 1044 2914 hiis
1058 2859 1170 2916 autem
1185 2851 1333 2935 compoti
1348 2851 1432 2916 fiunt
1447 2859 1523 2935 post

426 2965 691 3021 consummatum
710 2957 845 3021 omnino
860 2965 1054 3040 compotum
1069 2955 1114 3021 de
1127 2957 1340 3021 comitatibus
1355 2957 1389 3019 in
1405 2955 1524 3038 quibus

384 3068 505 3132 assunt
517 3078 526 3137 ;
554 3059 666 3142 qualia
686 3068 765 3125 sunt
787 3058 968 3137 Lincolnia,
985 3057 1165 3137 wintonia,
1187 3059 1324 3139 Mienes‚
1347 3057 1523 3123 Bercham·

427 3163 530 3241 stede,
546 3160 758 3240 Colecestria‚
772 3162 933 3247 pluraque
946 3161 1023 3227 alia.
1287 3241 1288 3244 Ἴ

470 3265 665 3349 Discr'pulus.
711 3267 815 3340 Miror
840 3267 965 3331 dixisse
988 3275 1023 3330 te
1047 3265 1211 3349 quosdam
1234 3265 1381 3331 redditus
1403 3265 1524 3330 consti-

427 3378 519 3436 tutos
534 3370 600 3435 dici
615 3370 727 3435 firmas
741 3370 904 3454 quosdam
920 3389 998 3434 vero
1013 3388 1139 3435 census.

470 3472 646 3556 Magister.
691 3473 802 3539 Firme
817 3474 1037 3538 maneriorum
1053 3481 1138 3548 sunt,
1153 3491 1269 3537 census
1283 3482 1396 3538 autem
1411 3491 1526 3536 nemo·

383 3594 500 3656 norum
515 3584 656 3640 tantum.
702 3574 778 3659 Que
799 3576 888 3640 enirn
911 3596 955 3639 ex
978 3575 1129 3640 maneriis
1149 3576 1355 3658 proueniunt,
1371 3575 1449 3658 quia
1466 3593 1527 3660 per

391 3691 416 3742 U
428 3677 664 3762 agriculturam
675 3678 824 3761 quolibet
839 3698 927 3744 anno
942 3688 1143 3744 renouantur
1157 3687 1190 3743 et
1206 3679 1353 3756 redeunt,
1365 3688 1400 3744 et
1415 3687 1525 3762 preter

428 3781 490 3847 hec
515 3783 549 3846 in
572 3782 651 3866 ipsis
675 3783 755 3847 certi
778 3791 856 3847 sunt
881 3783 1053 3849 constituti
1079 3781 1226 3847 redditus
1252 3781 1526 3848 consuetudinum

429 3887 500 3951 iure
524 3895 696 3970 perpetuo,
723 3889 841 3952 merito
871 3885 967 3952 firma
995 3897 1028 3952 et
1058 3885 1279 3952 immutabilia
1304 3887 1526 3951 nominantur.

430 3988 505 4075 Que
514 4009 594 4056 vero
609 4011 653 4055 ex
667 3991 857 4056 nemoribus
869 4010 935 4073 que
944 3991 1094 4074 quotidie
1109 3990 1321 4056 succiduntur
1336 4000 1371 4054 et
1385 3997 1528 4074 pereunt

385 4122 416 4175 35
429 4113 540 4158 annua
561 4092 634 4180 lege
657 4095 827 4171 debentur,
848 4114 989 4177 quorum
1011 4103 1150 4160 nonest
1170 4103 1240 4158 tarn
1263 4091 1378 4158 firmus
1399 4091 1454 4157 vel
1477 4092 1528 4156 in-

464 4277 744 4350 6ProsequunriniC
788 4277 916 4350 petiam]
928 4279 996 4336 etC
1039 4291 1071 4346 17
1084 4277 1217 4336 escaeter'
1230 4279 1255 4335 C
1291 4280 1418 4350 pn'uset
1434 4294 1487 4336 om.
1504 4279 1534 4334 C

428 4363 462 4405 aa
481 4347 589 4420 earum]
603 4350 786 4406 terrarnmN
845 4365 879 4420 23
898 4367 963 4406 com
1001 4347 1084 4407 tisN
1150 4351 1186 4406 26
1196 4351 1331 4421 pluraque
1342 4350 1528 4421 smpsimus:

428 4421 560 4493 pleraque
574 4422 654 4478 CNR
725 4435 761 4492 29
778 4431 873 4478 autem
887 4439 941 4478 om.
1060 4435 1097 4491 30
1112 4419 1235 4492 tanturn]
1249 4431 1313 4477 sunt
1326 4421 1351 4477 C
