3360 5172
380 349 444 413 124
746 329 814 398 DE
836 327 1110 400 SCACCARIO
1346 323 1478 420 [nive

377 523 459 568 voce
473 501 559 568 sicut
573 500 760 588 predictum
774 509 826 568 est
843 499 987 584 aliquem
1005 519 1066 586 pro
1082 519 1119 565 ee
1135 499 1357 584 designauetit
1375 500 1479 586 presi·

376 605 480 683 desti,
507 607 555 671 sic
575 625 637 690 per
661 605 773 670 omnia
798 603 976 670 dicendum
1005 611 1057 670 est
1078 623 1118 671 ac
1141 604 1170 670 si
1192 591 1264 688 ipse
1288 605 1322 670 ln
1344 604 1480 690 propria

342 731 363 780 c
378 729 520 794 persona
534 709 578 775 ad
591 718 785 794 compotum
800 709 966 775 resideret.

421 812 617 898 Dascr'pulur·
662 813 836 898 Numquid
859 811 1030 880 infimitas
1053 812 1125 880 sole
1151 813 1317 879 sufficiens
1342 821 1393 878 est
1414 831 1478 876 ex·

349 943 363 992 ⁵
378 918 504 984 cusatio
519 935 693 1003 perquam
710 917 832 983 citatus
845 915 967 982 absens
982 927 1131 984 seruetur
1146 918 1356 1001 indempnis?

421 1023 596 1106 Magister.
640 1021 762 1087 Absit:
785 1032 862 1088 suot
886 1023 975 1086 enim
998 1023 1110 1108 plures
1132 1024 1176 1088 ad
1198 1022 1406 1098 scaccarium,
1427 1029 1481 1084 set

377 1129 440 1193 bec
465 1136 536 1192 tam
558 1126 592 1191 in
614 1125 728 1192 litibus
748 1143 850 1210 quam
872 1125 906 1190 in
928 1126 1001 1196 aliis
1024 1127 1166 1212 negotiis
1187 1125 1418 1192 ecclesiasticis
1443 1133 1479 1189 et

379 1230 563 1297 forensibus
588 1238 639 1295 est
668 1229 826 1296 usitatior.
872 1225 976 1295 Porro
1006 1229 1101 1296 decet
1131 1238 1166 1295 te
1194 1249 1267 1296 esse
1297 1245 1479 1294 memorem

380 1334 604 1417 predictorum
618 1343 656 1400 vt
673 1332 841 1420 intelligas
858 1332 983 1398 nullam
1000 1333 1252 1399 excusationem
1271 1333 1336 1400 hoc
1351 1331 1482 1398 efficere

338 1459 368 1494 ιο
380 1448 416 1503 vt
431 1437 517 1522 regis
532 1436 672 1522 pecunie
686 1438 730 1503 de
744 1437 907 1503 comitatu
929 1435 1068 1502 collecta
1082 1455 1184 1522 penes
1201 1457 1278 1503 eum
1294 1437 1484 1502 detineatur

377 1543 518 1626 ,impune
528 1540 581 1606 vel
596 1543 640 1607 ad
655 1541 854 1608 scaccarium
868 1542 922 1607 die
937 1543 1108 1607 nominata
1118 1561 1185 1607 non
1198 1543 1357 1608 mittatur.
1402 1541 1482 1604 Pre-

382 1645 483 1710 missa
498 1665 578 1728 ergo
597 1646 747 1730 munia,
762 1644 884 1729 poterit
905 1645 1056 1710 excusari
1076 1665 1135 1728 per
1155 1643 1380 1710 infirmitatem
1397 1645 1484 1708 sicut

382 1751 509 1816 dictum
535 1759 596 1816 est.
641 1750 736 1828 ltem,
763 1750 791 1814 si
817 1749 905 1815 filius
931 1750 1002 1815 eius
1030 1750 1269 1835 primogenitus
1295 1769 1396 1832 quem
1423 1750 1486 1815 de·

382 1854 521 1920 clarauit
537 1853 692 1920 heredem
703 1863 781 1938 post
792 1873 827 1918 se
840 1853 997 1932 futurum,
1009 1855 1108 1920 morti
1123 1855 1296 1938 proximus
1311 1853 1483 1932 iudicetur,

340 1977 369 2028 ¹5
383 1959 596 2026 excusabitur
603 1981 614 2036 ς
640 1959 731 2039 item,
758 1957 785 2021 si
814 1979 901 2022 vxor
926 1958 995 2024 eius
1025 1959 1140 2024 dolore
1166 1967 1280 2043 partus
1306 1957 1484 2041 periclitari

384 2062 509 2147 ceperit
524 2060 576 2127 vel
595 2061 714 2145 quauis
729 2061 794 2127 alia
814 2061 857 2126 de
874 2081 973 2127 causa
993 2061 1092 2128 morti
1111 2063 1268 2148 proxima
1283 2059 1485 2140 decubuerit,

378 2167 462 2250 quia
470 2167 581 2250 portio
592 2185 650 2230 sue
661 2166 768 2231 carnis
779 2175 839 2243 est,
850 2167 1000 2232 excusari
1012 2168 1145 2250 poterit.
1191 2167 1278 2232 Item
1290 2167 1318 2231 si
1327 2166 1485 2231 dominus

385 2270 456 2334 eius
470 2269 527 2351 qui
543 2268 643 2353 vulgo
659 2269 754 2352 ligius
769 2269 897 2348 dicitur,
912 2270 965 2334 hic
980 2279 1040 2349 est,
1055 2271 1108 2335 cui
1123 2271 1184 2335 soli
1203 2271 1332 2336 ratione
1346 2269 1485 2334 dominii

386 2374 433 2437 sic
449 2381 580 2439 tenetur
590 2383 626 2438 vt
637 2382 752 2438 contra
768 2373 877 2457 ipsum
892 2373 992 2440 nichil
1007 2373 1063 2439 alii
1071 2375 1202 2453 debeat,
1214 2395 1292 2459 rege
1306 2374 1487 2439 dumtaxat

342 2494 373 2530 ¹0
387 2487 538 2560 excepto,
553 2476 721 2542 uocauerit
739 2477 860 2560 ipsum,
874 2485 912 2542 vt
925 2477 1013 2543 adsit
1032 2478 1096 2542 sibi
1111 2486 1218 2543 tracto
1238 2478 1272 2541 in
1286 2477 1336 2541 ius
1351 2477 1395 2541 de
1411 2485 1487 2541 toto

387 2581 485 2646 feodo
497 2600 558 2645 suo
572 2580 623 2645 vel
635 2580 706 2645 eius
719 2581 868 2646 maxima
883 2589 986 2665 parte,
998 2581 1050 2646 vel
1063 2601 1162 2667 super
1176 2581 1242 2647 alia
1257 2599 1436 2662 causaque
1450 2581 1484 2644 in

389 2693 495 2749 status
523 2683 575 2749 vel
605 2685 751 2768 corporis
781 2685 831 2749 sui
861 2685 1097 2752 detrimentum
1124 2686 1310 2751 redundare
1337 2685 1489 2750 videatur

351 2798 376 2845 D
390 2789 542 2854 excusari
566 2787 688 2872 poterit
700 2809 709 2868 ;
734 2788 781 2852 sic
808 2797 921 2853 tamen
947 2789 975 2853 si
1000 2789 1152 2854 dominus
1177 2787 1233 2854 ille
1258 2807 1319 2852 nec
1344 2786 1490 2872 amplius

389 2911 549 2957 excusare
563 2911 625 2958 nec
639 2890 736 2958 aliter
750 2892 843 2957 litem
858 2892 1024 2958 declinare
1041 2892 1191 2957 valuerit.
1237 2889 1338 2975 Quod
1353 2893 1381 2956 si
1397 2892 1489 2956 idem

344 3009 373 3060 ²5
389 2996 544 3061 dominus
573 2995 675 3061 alium
697 3015 797 3079 super
826 2995 1013 3062 huiusmodi
1034 2995 1270 3075 sollicitauerit,
1293 3003 1327 3061 et
1350 2995 1491 3076 liberum

390 3101 432 3164 sit
447 3100 477 3164 ei
497 3101 624 3183 absque
642 3099 770 3165 enormi
790 3100 941 3184 dampno
959 3100 1050 3165 diem
1070 3120 1257 3185 prorogare,
1272 3100 1300 3165 si
1320 3100 1491 3165 vocauerit

391 3203 518 3268 domini
541 3205 627 3286 regis
647 3203 886 3282 vicecomitem,
901 3202 1070 3268 hominem
1093 3204 1230 3285 quidem
1251 3223 1358 3280 suum,
1381 3203 1492 3268 venire

391 3327 459 3372 non
476 3305 642 3372 tenebitur
663 3307 742 3390 quia
762 3327 823 3372 nec
844 3307 892 3371 sic
908 3306 951 3370 ad
974 3309 1174 3371 scaccarium
1196 3315 1311 3391 posset
1330 3306 1491 3372 excusari

393 3410 480 3476 Item
510 3409 537 3474 si
567 3410 657 3475 idem
687 3411 842 3476 dominus
864 3409 936 3475 eius
965 3407 1167 3474 infirmitatis
1188 3410 1337 3493 pondere
1359 3429 1491 3494 pressus

347 3547 379 3595 30
393 3523 628 3579 testamentum
651 3533 762 3580 coram
784 3513 851 3578 suis
876 3513 1019 3578 condere
1040 3511 1180 3578 voluerit
1203 3521 1237 3578 et
1259 3512 1302 3578 ad
1324 3512 1389 3578 hoc
1414 3531 1491 3576 cum

392 3616 465 3682 aliis
482 3615 637 3682 fidelibus
656 3618 725 3684 suis
739 3619 848 3702 ipsum
871 3616 1070 3694 euocauerit,
1084 3616 1306 3682 excusabitur.
1352 3616 1449 3695 Item,
1464 3616 1492 3680 si

392 3721 547 3785 dominus
566 3721 645 3799 eius,
660 3720 712 3785 vel
734 3740 820 3785 uxor
840 3719 894 3785 vel
917 3719 1014 3798 filius,
1035 3720 1150 3784 debita
1170 3720 1277 3785 carnis
1298 3720 1442 3795 soluerit,
1457 3729 1493 3785 et

392 3824 447 3887 hic
459 3824 573 3890 debita
584 3821 707 3888 funeris
719 3824 880 3906 obsequia
892 3823 1125 3908 procurauen't,
1136 3824 1287 3888 excusari
1301 3824 1492 3888 merebitur.

392 3991 1314 4148 arsit?,detestantibus
1327 3993 1493 4134 tati

392 4137 506 4192 cumN
580 4139 612 4192 18
630 4135 865 4207 drmturlrgrusC
932 4133 989 4206 hic]
1002 4135 1057 4191 hoc
1068 4136 1128 4190 NR
1197 4151 1242 4190 cur
1255 4145 1363 4191 ratione
1375 4135 1436 4190 sola
1450 4135 1491 4190 C:

392 4223 457 4263 curn
476 4205 531 4262 sibi
551 4207 660 4263 ratione
679 4209 708 4263 R
787 4221 821 4276 ²4
837 4210 906 4278 post
927 4221 1060 4262 excusare
1077 4204 1142 4261 add
1204 4206 1267 4261 terit
1290 4206 1332 4262 sic
1354 4204 1492 4262 tamensi

392 4277 525 4335 dominus
537 4278 633 4335 illeN
697 4278 733 4334 26
750 4276 838 4348 diem]
851 4276 966 4333 dicitN
1027 4288 1062 4345 27
1080 4276 1175 4334 venire
1200 4277 1321 4334 venleR
1380 4289 1415 4346 29
1433 4275 1494 4332 eius

392 4349 494 4405 om.N
578 4363 612 4421 32
630 4349 789 4406 solueretc
1324 4365 1325 4368 ’
