3360 5172
168 411 271 498 xvv]
539 406 905 477 nnscnccnmo
1231 407 1271 472 ει

169 583 305 651 mobilis
325 590 473 666 questus,
488 590 540 648 set
561 590 612 646 est
633 580 668 645 in
689 580 738 646 eis
759 599 914 646 ascensus
936 588 971 646 et
992 580 1177 656 descensus,
1194 579 1274 646 licet

171 707 241 754 non
265 707 405 767 annuus,
424 683 580 769 frequens
602 693 728 766 tamen,
750 703 867 749 census
896 683 1060 763 dicunmr,
1081 694 1116 750 et
1137 685 1184 749 sic
1213 704 1274 770 per

170 792 337 860 afferesim
363 789 511 856 redditus
535 789 598 854 bos
623 788 750 854 censeri
776 787 901 854 dicunt
959 786 1046 854 Sunt
1074 777 1188 854 tamen
1214 788 1272 873 qui

171 895 310 963 credant
333 912 468 961 censum
491 892 556 960 dici
580 913 690 976 quea
714 891 851 977 singulis
876 889 1074 957 bominibus
1091 891 1272 972 soluuntur,

171 1000 270 1066 firma
293 1019 373 1066 vero
401 1018 467 1082 que
490 1017 536 1062 ex
564 996 628 1063 hiis
657 997 770 1080 surgit,
794 1004 832 1062 ut
857 995 901 1062 sit
929 993 1025 1062 firma
1052 1014 1175 1061 nomen
1205 993 1303 1072 col-5

172 1103 331 1170 lectiuum
360 1101 446 1167 sicut
472 1101 583 1168 turba.
635 1098 691 1168 Ob
720 1101 784 1166 hoc
811 1100 912 1186 igitur
940 1100 1025 1165 sicut
1053 1099 1196 1164 creditur
1224 1098 1272 1166 sic

172 1217 325 1274 censetur
345 1215 383 1271 ut
404 1224 551 1270 annuum
572 1203 696 1270 indicet
716 1213 751 1270 et
772 1203 904 1268 firmum
926 1222 992 1268 non
1014 1223 1086 1268 esse
1110 1202 1272 1286 designet.

174 1312 257 1376 Post
271 1310 333 1377 hec
346 1310 537 1388 constituta,
549 1308 639 1374 facto
650 1309 770 1373 iterum
785 1307 970 1391 interuallo,
984 1306 1024 1374 fit
1037 1315 1214 1392 compotus
1229 1307 1273 1373 de

174 1414 298 1482 debitis
320 1434 418 1498 super
446 1413 567 1497 quibus
595 1411 815 1478 summonitus
839 1419 891 1477 est
913 1412 1109 1493 vicecomes,
1136 1411 1281 1495 pretitu·

174 1519 252 1584 latis
273 1526 386 1583 tamen
408 1516 598 1582 nominibus
620 1516 751 1582 illorum
774 1515 919 1581 iudicum
941 1535 1083 1598 quorum
1104 1514 1320 1581 hecsunt.10

174 1621 305 1688 Vltimo
325 1642 404 1686 vero
426 1622 470 1686 de
490 1620 619 1687 catallis
645 1619 860 1704 fugitiuorum
881 1618 934 1685 vel
960 1618 1186 1685 mutilatomm
1212 1638 1275 1703 pro

175 1725 370 1794 excessibus
391 1725 468 1800 suis,
491 1733 525 1790 et
545 1725 609 1790 hiis
629 1722 772 1808 expletis
795 1732 972 1808 compotus
993 1721 1080 1788 illius
1099 1721 1274 1788 vicecomi-

175 1839 267 1897 tatus
281 1829 483 1894 terminatur.
526 1828 721 1894 Cauendum
735 1837 848 1893 autem
863 1835 915 1894 est
928 1825 1077 1910 scriptori
1091 1847 1134 1891 ne
1147 1825 1275 1908 aliquid

177 1943 273 1999 motu
303 1931 405 1996 animi
433 1931 485 1998 sui
514 1932 638 1998 scribat
666 1931 701 1996 in
730 1928 838 1996 rotulo
868 1930 930 1995 nisi
955 1930 1046 2013 quod
1071 1929 1276 1995 thesaurario

177 2037 327 2102 dictante
355 2035 516 2102 didicerit.
561 2033 661 2120 Quod
689 2035 717 2101 si
746 2032 830 2100 sorte
861 2054 921 2119 per
950 2032 1194 2119 negligentiam,
1221 2030 1275 2098 vel
1290 2049 1319 2103 ¹⁶

177 2140 280 2207 alium
299 2139 481 2224 quemlibet
499 2160 621 2216 casum,
639 2138 813 2224 contigerit
832 2159 909 2205 enm
929 2157 1037 2204 errare
1058 2137 1093 2202 in
1114 2137 1276 2221 scriptura

177 2243 277 2310 rotuli
291 2243 344 2310 vel
364 2245 397 2310 in
417 2242 550 2310 nomine
566 2243 619 2309 vel
640 2244 674 2309 in
695 2264 832 2309 numero
851 2242 903 2308 vel
924 2243 958 2307 in
980 2261 1080 2308 causa
1101 2239 1277 2324 inquibus

177 2349 229 2413 vis
255 2349 361 2414 maior
382 2348 542 2432 scripture
566 2347 726 2425 consistit,
745 2366 813 2411 non
839 2354 1009 2430 presumat
1033 2346 1201 2423 abradere,
1226 2352 1315 2410 setv

179 2451 267 2517 linea
292 2451 405 2517 subtili
430 2451 593 2518 subducta
621 2451 781 2518 cancellet
808 2459 843 2515 et
871 2451 993 2516 scribat
1018 2450 1051 2514 in
1076 2450 1160 2515 serie
1185 2447 1276 2531 quod

177 2563 321 2640 oportet.
367 2555 484 2620 Habet
505 2555 593 2620 enim
616 2553 715 2621 rotuli
737 2555 899 2639 scriptura
920 2554 985 2620 hoc
1004 2572 1181 2619 commune
1200 2570 1275 2619 cum
1291 2581 1323 2620 ιο

178 2659 280 2726 cartis
300 2668 334 2724 et
353 2657 426 2723 aliis
445 2659 575 2743 scriptis
594 2659 794 2742 patentibus,
807 2658 899 2742 quod
917 2657 1033 2724 abradi
1046 2677 1113 2722 non
1128 2655 1228 2722 debet
1242 2663 1277 2721 et
1309 2708 1311 2712 Α

179 2762 226 2828 ob
249 2762 314 2827 hoc
339 2771 473 2828 cautum
499 2772 551 2830 est
572 2771 610 2828 vt
633 2761 839 2848 de·peliibus
862 2760 968 2828 ouinis
991 2759 1081 2842 fiant,
1106 2760 1185 2844 quia
1210 2779 1277 2825 non

180 2865 277 2932 facile
299 2865 361 2931 nisi
382 2866 558 2932 manifesto
578 2867 660 2932 vitio
681 2887 791 2933 rasure
812 2867 942 2934 cedunt.

223 2967 420 3052 Discipulus.
466 2969 614 3056 Scriptor
632 2972 695 3038 iste
713 2972 756 3036 de
772 2971 912 3064 proprio
928 2990 971 3036 an
991 2970 1035 3036 de
1054 2967 1134 3035 fisco
1150 2967 1276 3034 rotulos

180 3071 334 3138 inuenit?
386 3119 389 3126 -
1292 3095 1323 3149 ²5

224 3175 397 3258 Magister.
452 3175 493 3240 In
514 3176 658 3241 termino
679 3177 783 3242 sancti
808 3175 981 3242 Michaelis
1001 3173 1141 3259 scriptor
1161 3173 1225 3240 iste
1245 3194 1278 3239 v.

182 3277 306 3344 solidos
322 3281 364 3346 de
381 3278 462 3344 fisco
482 3279 607 3364 recipit,
621 3289 656 3345 et
674 3280 814 3364 scriptor
833 3279 1023 3347 cancellarie
1037 3279 1119 3345 alios
1137 3278 1280 3346 nichilo·

182 3382 291 3447 minus
318 3403 349 3446 v.
380 3403 425 3448 ex
455 3382 577 3465 quibus
605 3383 649 3448 ad
677 3392 855 3466 utrumque
880 3381 1026 3448 rotulum
1052 3391 1087 3448 et
1114 3382 1158 3446 ad
1189 3402 1281 3449 sum·

182 3484 378 3552 monitiones
414 3496 449 3552 et
485 3496 635 3571 receptas
676 3485 836 3552 inferioris
873 3487 1026 3553 scaccarii
1071 3485 1278 3552 membranas

180 3589 360 3656 inueniunt
1293 3613 1327 3664 30

228 3692 348 3773 ‘Cura,
369 3693 471 3776 labor,
494 3693 651 3773 studium,
674 3693 790 3778 reliqui
817 3693 983 3779 scriptoris
1008 3695 1052 3761 ad
1078 3694 1165 3760 eius'
1191 3694 1280 3762 latus

182 3797 358 3862 residentis
381 3798 413 3862 in
435 3797 496 3862 hiis
519 3797 666 3862 maxime
685 3797 841 3876 consistit,
856 3805 901 3876 vt,
920 3795 1054 3874 scilicet,
1070 3796 1215 3882 excipiat
1237 3798 1281 3863 de

182 3899 294 3966 rotulo
309 3899 416 3967 altero
433 3901 571 3966 verbum
592 3899 735 3980 everbo,
750 3901 869 3966 eodem
886 3909 924 3966 vt
942 3900 1149 3984 prediximus
1165 3901 1281 3967 ordine

219 4102 237 4158 3
255 4086 364 4144 censeri
375 4086 483 4159 dicunt]
497 4103 611 4145 oensere
623 4086 727 4143 debent
741 4087 777 4142 C:
798 4102 913 4142 censere
925 4086 1021 4143 dicunt
1035 4087 1060 4143 C
1068 4103 1155 4144 com:
1178 4086 1281 4144 censiti

183 4158 330 4214 dicuntN
413 4157 602 4228 4creduntC
691 4156 1006 4213 hominibussoluuntur
1021 4159 1141 4213 Ceam:
1160 4157 1282 4215 bomini·

185 4230 238 4286 bus
251 4229 388 4311 debentur
398 4228 587 4315 soluunturc·
634 4225 1029 4311 7etfimum1infirmumss
1089 4243 1122 4298 13
1139 4230 1284 4286 estom.C

155 4309 157 4312 ’
184 4295 761 4442 massanus-,trecanum
784 4297 1123 4426 ttmtffitliibl
1144 4300 1283 4442 ,use

185 4479 195 4499 .
207 4479 216 4498 .
228 4457 262 4496 co
273 4441 372 4513 recipit
385 4459 438 4499 om·
451 4442 476 4500 C
486 4442 752 4515 naargr'rupraenio
823 4387 968 4510 33peidem
979 4441 1007 4494 R

230 4553 340 4586 onnon
725 4540 754 4591 M
