3360 5172
186 410 292 464 cass.
308 409 379 462 us.
393 391 440 492 11]
552 397 621 464 DE
643 395 921 468 SCACCARIO
1221 416 1286 488 109

189 569 464 655 expaucioribus‚
475 568 562 636 hidis
573 579 713 638 constat.
755 570 1289 640 Hinchundreduminveteribus
1381 587 1383 591 ·

188 693 305 760 regum
335 673 556 759 Anglicorum
584 675 765 760 priuilegiis
789 675 1007 741 centuriatam
1036 676 1196 742 nominari
1225 677 1288 743 sre-

189 789 329 862 quenter
350 778 511 846 inuenies.
554 777 740 846 Comitatus
763 789 877 846 autem
899 778 1016 845 eadem
1038 778 1114 866 lege
1139 801 1184 844 ex
1205 779 1289 846 hun-

187 883 299 948 dredis
321 893 496 963 constant3
524 882 589 949 hoc
612 893 663 949 est
686 882 822 968 quidam
844 904 889 948 ex
910 882 1060 967 pluribus
1082 884 1220 967 quidam
1245 905 1289 949 ex

190 983 409 1071 paucioribus,
439 989 622 1053 secundum
650 988 742 1071 quod
776 987 883 1052 diuisa
912 995 964 1051 est
998 996 1086 1052 terra
1118 1006 1178 1071 per
1202 986 1317 1066 viros5

188 1091 357 1158 discretos.
400 1091 590 1158 Comitatus
610 1091 709 1176 igitur
730 1112 751 1157 a
773 1090 893 1155 comite
915 1090 1044 1170 dicitur,
1057 1089 1112 1155 vel
1134 1109 1244 1157 comes
1268 1109 1290 1156 a

191 1194 361 1260 comitatu.
403 1193 527 1262 Comes
545 1204 657 1261 autem
672 1204 723 1260 est
742 1193 800 1278 qui
818 1193 951 1259 tertiam
966 1193 1153 1278 portionem
1175 1214 1289 1260 eorum

188 1317 256 1382 que
277 1298 321 1364 de
346 1298 478 1384 placitis
501 1299 699 1384 proueniunt
729 1299 763 1363 in
784 1297 946 1364 comitatu
968 1297 1117 1382 quolibet
1138 1299 1289 1383 percipit.

192 1399 333 1469 Summa
354 1423 499 1488 namque
520 1402 584 1484 illa,
599 1423 666 1488 que
687 1402 822 1468 nomine
844 1401 939 1468 firme
964 1401 1140 1485 requiritur
1161 1423 1182 1467 a
1202 1402 1290 1468 vice·

188 1506 322 1586 comite,
347 1515 514 1574 totanon
537 1507 670 1592 exurgit
695 1527 740 1571 ex
760 1506 937 1572 fundorum
962 1505 1146 1572 redditibus
1171 1515 1222 1571 set
1245 1526 1290 1570 ex
1305 1530 1336 1567 ιο

189 1628 316 1696 magna
330 1619 425 1695 parte
445 1612 487 1677 de
501 1609 631 1693 placitis
648 1609 802 1693 prouenit
820 1617 854 1674 et
872 1609 991 1674 horum
1010 1607 1143 1674 tertiam
1160 1616 1291 1692 partem

193 1732 306 1778 comes
321 1714 469 1798 percipit.
514 1713 581 1798 Qui
603 1714 678 1779 ideo
698 1712 745 1779 sic
764 1712 830 1778 dici
847 1712 968 1778 dicitur
986 1713 1064 1795 quia
1084 1710 1166 1777 fisco
1183 1711 1291 1776 socius

189 1824 244 1882 est
270 1827 304 1883 et
322 1835 435 1882 comes
453 1817 488 1882 in
507 1816 735 1903 percipiendis.
781 1817 885 1881 Porro
904 1817 1088 1881 vicecomes
1110 1815 1230 1880 dicitur
1249 1835 1291 1880 eo

191 1921 282 2003 quod
297 1921 403 1986 vicem
421 1921 551 1988 comitis
576 1920 730 2007 suppleat
750 1920 784 1986 in
803 1919 934 2003 placitis
952 1919 1015 1984 illis
1035 1918 1156 2005 quibus
1177 1937 1291 1983 comes

189 2043 310 2090 exsue
324 2024 493 2109 dignitatis
508 2026 635 2092 ratione
649 2024 835 2110 participat.
1005 2019 1009 2028 '
1304 2049 1335 2102 ¹5

234 2126 433 2210 Dr'scipulus.
476 2127 651 2214 Numquid
675 2150 722 2195 ex
749 2127 889 2214 singulis
911 2126 1126 2194 comitatibus
1150 2125 1291 2192 comites

190 2231 259 2298 ista
272 2231 482 2315 percipiunt?

234 2334 412 2418 Magister.
455 2337 690 2422 Nequaquam.
734 2335 795 2403 Set
809 2335 856 2401 hii
876 2343 1008 2402 tantum
1024 2335 1090 2400 ista
1106 2334 1291 2419 percipiunt

189 2439 314 2524 quibus
328 2460 442 2524 regum
463 2439 687 2509 munificentia
700 2441 850 2525 obsequii
868 2440 997 2524 prestiti
1011 2437 1065 2505 vel
1080 2439 1201 2504 eximie
1215 2459 1291 2523 pro·

192 2543 307 2609 bitatis
321 2543 442 2610 intuitu
465 2545 603 2611 comites
620 2544 683 2611 sibi
701 2556 792 2613 creat
815 2553 850 2611 et
870 2545 999 2610 ratione
1019 2543 1189 2628 dignitatis
1205 2542 1291 2607 illius
1305 2570 1338 2608 ιο

190 2645 256 2713 hec
272 2647 470 2713 conserenda
487 2648 643 2725 decernit,
658 2649 859 2733 quibusdam
877 2645 1073 2713 hereditarie
1090 2646 1292 2730 quibusdam

192 2750 421 2834 personaliter.

238 2852 384 2920 Rotulus
401 2855 590 2922 exactorias
609 2855 665 2923 ille
684 2866 735 2922 est
755 2855 789 2921 in
809 2875 877 2939 quo
898 2853 1051 2920 dutincte
1068 2853 1148 2919 satis
1165 2861 1199 2918 et
1219 2852 1292 2917 dili-

194 2967 315 3042 genter
333 2969 534 3024 annotantur
550 2959 645 3026 firme
666 2961 838 3044 regisque
860 2979 903 3023 ex
926 2955 1061 3041 singulis
1082 2956 1292 3023 comitatibus

196 3072 373 3148 exurgunt,
396 3063 488 3128 cuius
509 3084 642 3129 summa
663 3064 763 3129 minui
785 3063 920 3146 quidem
942 3081 1010 3126 non
1030 3069 1141 3145 potest
1163 3069 1215 3126 set
1234 3080 1293 3144 per
1306 3089 1337 3142 25

191 3184 369 3250 operosam
384 3166 582 3234 iustitiarum
598 3167 804 3254 diligentiam
820 3165 1006 3249 frequenter
1022 3172 1171 3248 augetur.
1225 3163 1293 3228 Re·

197 3267 362 3354 liquorum
392 3271 485 3349 ratio,
514 3271 638 3340 scilicet
666 3271 838 3339 annalium
863 3269 1058 3349 rotulorum,
1080 3277 1114 3334 et
1151 3266 1294 3332 aliorum

194 3392 336 3458 quorum
360 3395 460 3460 supra
485 3376 696 3443 meminimus
721 3397 787 3460 que
816 3375 851 3441 in
874 3373 1029 3440 thesauro
1055 3380 1132 3438 sunt
1156 3380 1192 3437 et
1215 3371 1293 3436 inde

192 3489 261 3542 non
279 3479 449 3558 recedunt,
469 3500 514 3546 ex
536 3480 693 3564 predictis
722 3481 804 3546 satis
828 3479 944 3562 liquet.
989 3475 1109 3542 Restat
1134 3475 1236 3560 igitur
1256 3483 1294 3540 vt

195 3580 239 3646 ad
253 3581 394 3647 maiores
408 3593 443 3649 et
457 3583 564 3668 magis
578 3584 778 3651 necessarias
800 3581 1022 3649 institutiones
1041 3579 1193 3647 scaccarii
1215 3597 1293 3644 con·
1305 3606 1339 3658 3⁰

194 3693 372 3766 nectamur,
393 3685 429 3751 in
457 3686 577 3770 quibus
598 3696 636 3753 vt
658 3687 844 3771 predictum
868 3693 919 3751 est
946 3683 1163 3750 excellentior
1185 3691 1236 3749 est
1259 3689 1294 3748 et

195 3787 307 3853 utilior
321 3795 356 3854 et
369 3808 391 3854 a
404 3787 554 3874 plun‘bus
568 3792 725 3858 remotior
739 3789 893 3858 scaccarii
908 3787 1054 3854 scientia.

223 3919 390 4014 [Explicit
406 3925 490 3994 liber
503 3927 641 4014 primus.
687 3927 855 4014 Incipiunt
869 3924 1016 4012 capitula
1029 3925 1165 3993 secundi
1180 3924 1264 3991 libri.

242 4045 269 4110 1.
292 4045 349 4112 Ex
361 4047 483 4130 quibus
494 4057 530 4114 et
543 4049 687 4134 qualiter
696 4058 733 4115 et
745 4049 790 4116 ad
805 4047 885 4132 quid
896 4047 983 4112 fiunt
996 4045 1279 4113 summonitiones.

242 4147 290 4213 Il.
313 4147 390 4234 Que
406 4151 450 4218 sit
464 4151 652 4220 differentia
665 4151 961 4219 summonitionum
971 4151 1141 4236 utriusque
1154 4149 1294 4216 termini.
1307 4174 1339 4226 ³5

234 4295 267 4354 13
284 4286 457 4369 eoan.1llR
505 4287 805 4372 18Magy‘stermli
852 4299 890 4341 ao
906 4284 1067 4342 comitisN
1108 4285 1143 4341 26
1161 4283 1294 4367 iusticia?

193 4352 265 4482 §gt
279 4365 467 4484 bustrcranum
477 4359 515 4415 N
517 4373 526 4417 ε
548 4359 759 4417 iustrtrarrorum
769 4357 957 4416 Lr'ebmmn
1010 4369 1045 4427 34
1063 4365 1092 4414 et
1104 4355 1223 4428 qualiter
1228 4359 1297 4426 post
