3290 5134
187 388 291 442 caus.
309 389 380 443 urs.
395 373 426 466 1]
552 377 619 446 DE
642 376 917 448 SCACCARIO
1242 399 1285 470 57

185 547 306 629 virum,
336 557 406 615 tam
436 547 613 635 singularis
648 553 797 637 potentie
832 551 1024 639 principem,
1053 553 1139 622 inter
1174 564 1286 622 cetera

188 653 314 718 maiora
335 652 397 718 hec
418 654 521 719 etiam
543 673 684 721 curasse.
729 655 819 722 Sane
839 657 1039 724 scaccarium
1065 659 1132 726 suis
1156 657 1286 745 legibue

186 776 254 824 non
279 766 405 822 temere
429 765 481 824 set
506 778 704 844 magnorum
734 759 994 826 consideratione
1018 761 1169 830 subsistit
1193 762 1286 829 cuius

186 859 272 924 ratio
297 859 325 926 si
351 870 497 926 serueter
524 861 559 928 in
588 863 741 930 omnibus
771 872 928 950 poterunt
957 863 1095 949 singulis
1124 886 1184 932 sua
1214 866 1286 932 iura

186 962 308 1028 seruari
334 974 369 1029 ct
394 963 454 1030 tibi
480 965 576 1050 plene
602 967 797 1050 prouenient
826 987 892 1051 que
918 965 997 1033 fisco
1024 968 1194 1048 debentur,
1219 989 1313 1053 ques

186 1067 293 1150 possit
322 1077 487 1151 oportune
515 1069 718 1135 nobilissime
749 1070 871 1137 mentis
899 1078 957 1136 tue
986 1070 1136 1137 ministra
1165 1091 1284 1138 manus

186 1168 365 1240 effundere.

456 1389 637 1479 [Incipiunt
651 1393 796 1480 capitula
811 1395 885 1462 libri
900 1394 1009 1484 primi.

230 1560 257 1628 I.
281 1559 374 1646 Quid
387 1563 431 1629 sit
445 1565 644 1631 scaccarium
659 1574 773 1648 etque
788 1566 874 1631 ratio
887 1565 985 1631 huius
999 1563 1150 1632 nominis.

230 1707 276 1774 11.
298 1705 401 1792 Quod
429 1709 519 1776 aliud
549 1719 599 1778 est
628 1711 761 1778 inferius
790 1719 892 1795 atque
919 1711 1010 1778 aliud
1040 1710 1191 1796 superius
1215 1732 1282 1777 vna
1297 1747 1327 1783 10

185 1819 298 1878 tamen
319 1813 413 1897 origo
434 1814 613 1898 vtriusque.

229 1957 295 2023 111.
317 1957 394 2044 Que
408 1959 450 2025 sit
459 1960 544 2026 ratio
551 1959 604 2026 vel
617 1960 780 2028 institutio
790 1959 947 2027 Inferioris
956 1981 1015 2046 per
1025 1961 1154 2046 singula
1163 1959 1281 2028 officia.

230 2102 314 2170 IIII.
337 2104 414 2189 Que
435 2105 479 2171 sit
499 2106 677 2172 auctoritas
699 2106 875 2191 superioris
892 2115 927 2174 et
943 2107 1031 2173 vnde
1053 2106 1193 2193 sumpsit
1215 2108 1281 2172 ori·

185 2226 305 2290 grnem.

227 2353 269 2418 V.
292 2350 394 2437 Quod
426 2354 470 2419 sit
501 2354 646 2420 officium
678 2353 873 2440 praeidentis
902 2353 937 2419 in
966 2353 1025 2419 illo
1054 2363 1089 2420 et
1118 2374 1185 2439 que
1213 2357 1280 2422 sint
1297 2388 1325 2438 ιε

184 2455 389 2542 singulorum
407 2459 475 2523 'sibi
498 2457 712 2525 assidentium
734 2458 848 2525 officia

226 2601 288 2669 VI.
311 2601 395 2688 Quis
409 2604 451 2670 sit
465 2615 561 2672 tenor
575 2606 726 2672 breuium
741 2605 827 2690 regis
843 2604 1005 2670 sactorum
1021 2605 1065 2670 ad
1080 2605 1279 2672 scaccarium

184 2705 255 2772 siue
274 2707 317 2774 de
336 2708 430 2775 exitu
449 2708 595 2775 thesauri
615 2709 684 2775 siue
702 2709 745 2774 de
760 2706 1003 2792 computandis,
1018 2708 1089 2773 siue
1103 2707 1146 2772 de
1162 2709 1280 2792 perdo·

185 2811 314 2877 nandis.
402 2860 406 2872 ,

225 2954 306 3021 VII.
328 2955 363 3022 A
385 2957 505 3042 quibus
526 2964 561 3021 et
581 2958 626 3023 ad
646 2956 729 3042 quid
750 2955 902 3022 instituta
923 2955 985 3020 suit
1006 2955 1135 3039 argenti
1154 2956 1278 3022 exami-
1295 2990 1326 3026 ιο

184 3060 289 3139 nacio,
302 3067 355 3126 set
368 3059 433 3126 hoc
448 3059 636 3126 incidenter.

225 3202 324 3269 VIII.
348 3203 426 3288 Que
448 3203 514 3271 sint
537 3205 606 3270 iura
627 3214 662 3271 et
683 3203 865 3288 dignitates
886 3202 1100 3269 residentium
1121 3203 1166 3268 ad
1187 3223 1279 3269 scac-

182 3306 307 3371 carium
321 3307 374 3372 vel
394 3329 438 3373 ex
458 3308 568 3374 officio
582 3306 635 3374 vel
653 3328 697 3373 ex
714 3307 786 3374 solo
801 3307 885 3392 regis
901 3307 1069 3387 mandato,
1084 3314 1119 3372 et
1132 3308 1278 3390 quedam

182 3408 360 3476 incidentia
373 3411 563 3482 necessaria.

226 3554 288 3620 IX.
313 3552 403 3639 Quid
421 3557 607 3642 scutagium
622 3566 656 3622 et
671 3577 774 3640 quare
788 3557 835 3623 sic
849 3558 987 3624 dicatur.
1292 3586 1322 3636 25

226 3699 270 3764 X.
295 3697 387 3784 Quid
402 3703 572 3767 murdrum
586 3709 620 3766 et
634 3722 736 3786 quare
750 3700 797 3768 sic
812 3702 948 3768 dictum.

224 3845 288 3913 XI.
312 3845 402 3932 Quid
420 3847 644 3934 danegeldum
663 3856 698 3914 et
717 3866 819 3931 quare
833 3848 879 3914 sic
894 3847 1102 3916 nominatum
1116 3848 1168 3915 vel
1184 3849 1277 3916 insti-

180 3960 302 4017 tutum.

224 4104 306 4170 XII.
330 4103 422 4190 Quid
437 4105 560 4172 foresta
574 4105 660 4190 regis
676 4113 710 4170 et
725 4124 791 4189 que
806 4106 892 4171 ratio
906 4103 1151 4188 appellationis.

214 4331 326 4401 9Quid
347 4371 354 4387 .
373 4371 381 4388 .
402 4371 410 4388 .
428 4331 552 4388 nominis
570 4330 635 4386 add
659 4327 707 4385 N'
790 4343 823 4386 12
842 4328 916 4402 Quo]
939 4330 1015 4402 Quid
1032 4330 1089 4386 CN
1163 4331 1198 4387 26
1211 4334 1280 4403 post

178 4401 285 4459 dictum
302 4402 366 4459 adut
378 4411 422 4460 est
440 4405 463 4460 C

223 4517 337 4550 nemon.
723 4501 738 4553 1
