3290 5134
154 415 218 480 riri
234 410 273 504 r]
525 413 591 479 nn
615 411 887 482 scnccmuo
1212 417 1257 499 65

153 585 263 668 recipi.
309 582 346 650 Si
365 581 488 651 scilicet
509 593 650 667 pensata
668 603 742 650 cum
758 583 841 650 libra
855 584 1009 669 ponderis
1030 585 1073 652 de
1091 588 1255 653 scaccario

155 690 289 754 inuenta
315 695 367 752 est
393 687 501 752 minus
530 687 657 757 habens
685 688 770 754 vltra
799 688 840 756 vi.
892 687 978 754 Cum
1006 711 1087 774 ergo
1115 689 1256 775 quilibet

155 802 291 862 moneta
310 790 401 877 regni
421 790 517 856 huius
538 791 733 876 impressam
754 791 876 858 habere
891 792 1013 860 debeat
1034 793 1120 879 regis
1136 795 1254 879 imagi·

155 917 232 962 nem
247 905 282 962 et
296 896 340 960 ad
356 895 445 961 idem
462 895 593 980 pondus
608 916 725 961 omnes
743 897 919 962 monetarii
939 906 1114 964 teneantur
1128 897 1256 982 operari

156 999 298 1083 qualiter
326 998 397 1063 fieri
423 1007 536 1085 potest
560 1009 597 1065 vt
624 1019 690 1064 non
719 1019 819 1064 omne
848 1020 963 1066 eorum
993 1022 1078 1086 opus
1106 1001 1286 1081 eiusdem5

155 1103 314 1188 ponderis
328 1103 380 1169 sit.

200 1206 376 1290 Magister.
421 1205 584 1290 Magnum
607 1215 658 1272 est
682 1209 772 1291 quod
796 1208 906 1292 queris
932 1218 967 1273 et
992 1207 1127 1274 alterius
1156 1229 1257 1293 egens

28 1407 31 1412 ,
157 1309 384 1394 inquisitionis.
428 1310 592 1379 Attamen
618 1310 687 1376 fieri
714 1321 826 1394 potest
851 1331 911 1396 per
932 1311 1082 1377 falsarios
1104 1322 1139 1379 et
1160 1333 1257 1378 num-

159 1433 288 1478 morum
304 1415 528 1482 decurtatores
542 1414 594 1480 vel
609 1415 813 1482 detonsores.
858 1415 1002 1482 Noueris
1016 1425 1129 1482 autem
1145 1437 1259 1482 mone·

158 1525 229 1582 tam
254 1515 381 1601 Anglie
403 1517 437 1582 in
462 1516 568 1584 tribus
591 1515 707 1583 salsam
733 1517 943 1600 deprehendi,
966 1517 999 1582 in
1026 1516 1110 1582 salso
1134 1519 1258 1586 scilicet
1274 1547 1304 1588 ιο

158 1621 317 1704 pondere,
332 1621 365 1686 in
382 1619 465 1686 salsa
482 1621 566 1706 lege,
581 1621 614 1685 in
633 1621 716 1686 falsa
735 1621 887 1706 imagine.
933 1621 1011 1686 Hiis
1032 1629 1148 1688 tamen
1168 1620 1294 1688 salsi-r

158 1725 283 1790 tatibus
298 1745 360 1809 par
373 1745 482 1809 poena
495 1746 562 1790 nou
577 1725 725 1792 debetur.
770 1725 840 1792 Sed
855 1726 898 1791 de
913 1724 977 1790 hiis
994 1724 1086 1791 alias.

202 1829 400 1912 Discipulus·
444 1828 482 1895 Si
497 1830 606 1915 placet
621 1849 818 1914 persequere
832 1830 877 1895 de
891 1829 1006 1896 officiis
1020 1838 1058 1895 vt
1072 1829 1198 1913 cepisti.

203 1931 379 2014 Magister.
416 1930 473 1996 Ad
488 1931 632 1996 hostiarii
648 1953 760 1998 curam
775 1942 904 2018 spectat
914 1943 952 1999 vt
966 1933 1125 2000 excludat
1135 1933 1187 1999 vel
1202 1934 1260 2000 ad·

161 2035 274 2101 mittat
288 2036 379 2118 quod
394 2043 527 2120 oportet
541 2045 575 2102 et
589 2036 728 2122 diligens
750 2037 793 2102 sit
814 2038 848 2102 in
866 2037 1018 2103 custodia
1032 2038 1180 2102 omnium
1196 2056 1261 2121 que
1277 2062 1307 2113 ις

160 2137 270 2205 hostio
294 2139 543 2205 concluduntur.
586 2140 687 2205 Vnde
712 2150 746 2205 et
773 2141 900 2206 ratione
930 2139 1030 2206 hostii
1055 2141 1099 2206 de
1124 2140 1261 2226 singulis

162 2243 318 2308 breuibus
333 2242 442 2309 exitus
457 2243 543 2309 duos
558 2242 660 2310 habet
675 2245 834 2310 denarios
875 2244 941 2310 Hic
957 2244 1122 2310 ministrat
1138 2242 1262 2310 forulos

161 2346 205 2412 ad
231 2347 406 2430 pecuniam
432 2347 657 2431 reponendam
685 2355 720 2412 et
743 2347 870 2414 rotulos
892 2357 927 2412 et
955 2345 1060 2413 taleas
1089 2356 1124 2412 et
1153 2357 1263 2422 cetera

162 2451 345 2516 necessaria
368 2470 428 2534 per
452 2470 576 2516 annum
600 2462 634 2517 et
657 2472 719 2537 pro
742 2451 878 2535 singulis
903 2449 1017 2517 forulis
1047 2451 1132 2516 duos
1160 2450 1263 2516 habet

162 2554 322 2620 denarios.
369 2553 436 2618 Hic
459 2554 492 2619 in
514 2575 648 2621 omnem
672 2565 841 2640 receptam
863 2554 953 2639 ligna
978 2564 1144 2640 oportuna
1165 2554 1261 2620 mini·
1277 2582 1308 2626 πο

163 2666 246 2725 strat
260 2658 303 2722 ad
324 2658 428 2724 taleas
443 2669 574 2742 recepte
594 2668 629 2725 et
642 2669 885 2743 compotorum,
900 2669 935 2725 et
948 2657 1061 2738 semel,
1076 2657 1143 2724 hoc
1160 2671 1211 2724 est
1229 2660 1263 2724 in

162 2761 304 2828 termino
334 2761 439 2826 sancti
467 2762 650 2841 Michaelis,
674 2784 706 2828 v.
731 2760 855 2829 solidos
883 2782 946 2847 pro
975 2761 1073 2848 lignis
1101 2762 1263 2828 talearum

163 2865 313 2950 percipit
359 2865 427 2930 Hic
441 2865 575 2932 vascula
594 2865 713 2951 lignea,
728 2866 890 2950 cnipulos,
905 2864 1032 2932 loculos
1052 2874 1086 2930 et
1105 2866 1263 2949 corrigias

163 2977 198 3034 et
223 2978 333 3034 cetera
357 2969 484 3034 minuta
504 2970 687 3036 necessaria
708 2969 751 3034 de
773 2968 853 3035 fisco
874 2969 1012 3035 inuenit.
1058 2969 1098 3034 ln
1121 2970 1264 3036 termino

163 3072 283 3136 eodem
303 3092 364 3157 pro
385 3073 535 3140 incausto
548 3074 652 3140 totius
672 3073 751 3138 anni
766 3073 809 3137 ad
824 3082 1001 3157 vtrumque
1019 3073 1217 3138 scaccarium
1231 3073 1263 3138 ii.
1279 3100 1309 3151 ²⁵

163 3175 261 3240 solidi
282 3176 445 3242 debentur
464 3197 549 3261 quos
568 3177 632 3242 sibi
652 3176 696 3242 de
714 3177 855 3261 antiquo
874 3177 943 3242 iure
956 3177 1110 3243 vendicat
1130 3177 1265 3244 sacrista

164 3279 300 3345 maioris
317 3281 454 3346 ecclesie
468 3279 714 3346 Wintoniensis.
753 3281 872 3365 Vigilis
887 3279 1034 3346 officium
1049 3280 1136 3344 idem
1152 3287 1204 3346 est
1219 3280 1265 3346 ibi

164 3383 256 3466 quod
271 3383 359 3461 alibi,
375 3383 625 3468 diligentissima
645 3384 770 3450 scilicet
785 3384 828 3449 de
843 3393 940 3450 nocte
955 3384 1106 3450 custodia
1120 3382 1265 3449 thesauri

164 3487 388 3572 principaliter
405 3497 440 3552 et
460 3489 609 3554 omnium
630 3507 747 3552 eorum
761 3488 876 3571 quein
891 3489 994 3552 domo
1008 3487 1154 3554 thesauri
1168 3509 1267 3573 repo·

165 3599 298 3656 nuntur.
342 3590 398 3657 Sic
424 3590 527 3656 habes
553 3591 701 3658 omnium
727 3591 837 3657 officia
865 3591 1022 3657 distincta
1047 3590 1103 3674 qui
1132 3590 1266 3656 inferius
1280 3613 1312 3664 30

165 3694 363 3760 ministrant.
409 3693 497 3761 Sunt
516 3705 550 3761 et
570 3695 633 3759 hiis
651 3694 863 3760 liberationes
882 3693 1061 3760 constitute
1077 3695 1158 3759 dum
1176 3715 1267 3760 scac-

166 3798 293 3863 carium
311 3808 382 3877 est;
404 3797 468 3865 hoc
487 3806 538 3864 est
557 3820 578 3863 a
598 3799 653 3863 die
672 3818 740 3881 qua
759 3807 986 3864 conuocantur
1001 3817 1105 3881 usque
1119 3797 1162 3863 ad
1178 3798 1267 3870 diem

167 3922 234 3985 qua
259 3901 422 3986 generalis
448 3912 499 3967 est
521 3902 673 3968 secessio.
720 3901 866 3968 Clericus
888 3901 1080 3966 thesaurarii
1101 3902 1159 3986 qui
1183 3901 1268 3968 inira

167 4015 218 4070 est
234 4027 265 4071 v.
284 4005 436 4071 denarios
457 4003 558 4071 habet
580 4005 614 4070 in
627 4005 690 4071 die.
734 4005 882 4089 Scriptor
904 4005 1051 4070 eiusdem
1072 4005 1268 4072 thesaurarii

203 4155 220 4196 2
232 4137 317 4209 vltra]
330 4158 414 4212 quarn
426 4141 452 4197 C
564 4155 633 4209 4-11
646 4151 676 4197 et
688 4141 726 4196 ad
735 4140 810 4198 idem
823 4181 831 4198 .
843 4181 851 4197 .
863 4181 871 4196 .
883 4141 954 4198 falsa
964 4140 1086 4211 imagine
1094 4139 1153 4198 N':
1175 4142 1269 4198 verbis

167 4228 368 4280 ammentum,
381 4221 513 4275 attamen.
526 4221 599 4268 -tam
611 4211 713 4282 Anglie
732 4251 740 4268 .
758 4251 765 4266 .
783 4251 791 4266 .
808 4211 931 4282 imagine
943 4229 1032 4268 mnu
1044 4215 1192 4270 recenron·
1201 4229 1268 4267 exa·

167 4285 281 4337 ratrsin
293 4285 424 4354 margine
469 4283 646 4354 §poteritN
686 4297 720 4352 19
730 4283 1069 4352 persingulosiorulosR
1111 4297 1143 4338 21
1157 4283 1269 4339 talesR

167 4367 203 4422 ²3
216 4352 350 4422 cinipulos
365 4353 389 4408 C
488 4366 522 4422 27
534 4352 738 4409 Wintoniensis
749 4355 928 4424 smpsimus:
947 4353 1191 4411 westmonasterii
1202 4353 1252 4410 CR
1259 4369 1267 4410 r

167 4423 498 4481 westmonasteriumN
562 4439 597 4504 ³²
615 4421 785 4492 hoc]hicN

211 4544 319 4576 nenne
703 4525 731 4576 K
