3360 5172
175 370 290 466 11x1]
542 371 609 440 DE
632 371 907 444 SCACCARIO
1210 392 1272 463 137

175 551 233 616 Ex
256 547 377 634 quibus
398 547 508 615 verbis
530 567 743 632 personarum
764 547 909 631 quedam
930 547 1101 614 distinctio
1123 548 1208 614 inter
1226 547 1274 614 sic

174 651 404 736 delinquentes
427 652 497 752 fieri
517 671 616 736 posse
634 651 772 731 videtur,
786 660 824 717 vt
844 651 911 717 alia
931 652 973 718 sit
987 651 1193 730 clericorum,
1207 652 1274 716 alia

174 757 346 833 laicorum,
371 755 533 836 condicio,
558 775 633 820 cum
657 775 756 838 pares
785 755 850 820 sint
877 756 911 820 in
937 755 1069 821 delicto.
1115 755 1202 821 Item
1228 775 1272 820 ex
1287 766 1314 817 11
1408 798 1411 807 .

175 863 323 944 eoquod
341 861 476 926 additur
490 857 648 943 ‘publicis
666 858 803 923 inseruit
821 855 943 924 usuris’
959 860 1048 924 credi
1065 869 1188 944 potest,
1201 877 1275 924 esse

175 965 338 1049 quasdam
365 983 432 1028 non
460 961 608 1045 publicas
634 961 754 1045 quibus
782 961 810 1027 si
840 962 915 1046 quis
944 961 1115 1042 adheserit,
1140 983 1183 1028 an
1209 961 1302 1047 legi,

175 1068 383 1157 publicarum
397 1065 568 1132 subiaceat
583 1084 719 1147 prorsus
734 1065 861 1148 ignoro.

218 1172 397 1256 Magister.
442 1169 579 1234 Frustra
595 1167 720 1235 credidi
739 1166 893 1234 breuibus
913 1180 948 1235 et
966 1169 1197 1236 communibus
1211 1168 1273 1236 tibi

176 1274 452 1349 satisfaciendum,
467 1291 545 1338 cum
559 1291 604 1337 ex
621 1270 812 1338 huiusmodi
829 1273 1037 1357 questionem
1054 1272 1165 1339 elicias
1180 1274 1273 1338 cuius

176 1379 342 1446 absolutio
376 1377 558 1461 peritorum
587 1375 751 1460 quosdam
783 1376 951 1462 hucusque
982 1377 1090 1442 latuit.
1144 1376 1271 1442 Verum

176 1483 268 1567 quod
282 1481 374 1560 dicis,
390 1487 454 1546 ‘ex
469 1479 580 1545 verbis
594 1479 660 1545 tuis
674 1479 866 1546 clericorum
882 1489 916 1545 et
932 1479 1092 1546 laicorum
1106 1480 1153 1546 sic
1167 1479 1271 1547 delin-
1289 1508 1321 1547 ιο

177 1587 351 1669 quentium
373 1585 502 1650 videtur
524 1603 595 1648 esse
617 1583 728 1667 dispar
749 1583 908 1662 condicio,
930 1603 1007 1651 cum
1029 1604 1125 1668 pares
1150 1585 1215 1650 sint
1237 1583 1273 1649 in
1306 1587 1311 1598 '

177 1684 318 1771 delicto:
346 1681 414 1753 non
436 1686 595 1770 approbo.
641 1684 735 1752 Sicut
757 1687 845 1752 enim
867 1687 901 1751 in
922 1688 1090 1770 gradibus,
1112 1687 1159 1752 sic
1182 1697 1216 1753 et
1238 1688 1273 1751 in

178 1793 285 1881 culpis
305 1792 472 1865 dissident,
490 1790 587 1856 iuxta
604 1790 741 1855 verbum
759 1790 841 1856 illud
860 1797 1006 1875 ‘quanto
1024 1793 1146 1876 gradus
1164 1789 1274 1865 altior,

178 1907 273 1966 tanto
288 1916 383 1963 casus
397 1890 548 1978 grauior!
586 1893 626 1960 ln
641 1894 739 1960 bonis
753 1894 854 1960 etiam
871 1904 905 1961 et
920 1895 1096 1961 meritoriis
1110 1893 1276 1977 operibus,

178 2013 215 2067 vt
236 2000 434 2086 quibusdam
457 1997 563 2064 visum
586 2007 647 2078 est,
669 1998 818 2081 dispares
846 2009 932 2064 sunt.
977 1998 1070 2064 Laici
1095 1999 1195 2077 enim,
1216 1998 1275 2082 qui
1290 2025 1321 2078 1⁵

149 2176 154 2185 ,
179 2105 249 2172 voti
272 2101 466 2168 necessitate
489 2099 597 2168 minus
618 2109 782 2177 tenentur,
808 2099 1003 2184 ampliorem
1026 2101 1170 2185 gratiam
1198 2120 1276 2184 pro·
1372 2185 1377 2192 ι

179 2209 297 2276 mereri
325 2206 488 2282 videntur,
514 2204 599 2270 sieut
629 2205 663 2270 in
692 2207 855 2298 peruersis
877 2207 1006 2273 actibus
1032 2206 1089 2285 hii,
1114 2205 1171 2288 qui
1196 2215 1277 2271 voto

179 2309 347 2400 religionis
370 2308 563 2382 inseruiunt‚
585 2309 720 2392 grauius
741 2307 923 2374 offendunt.
969 2309 1030 2376 Set
1051 2310 1095 2376 de
1116 2307 1179 2373 hiis
1201 2309 1279 2374 hac·

178 2429 286 2484 tenus.
332 2414 451 2479 Habes
464 2423 578 2478 autem
594 2433 638 2476 ex
654 2412 908 2495 precedentibus
922 2413 1009 2478 vnde
1024 2423 1081 2479 tue
1095 2412 1279 2496 questionis

179 2541 257 2604 pars
285 2517 394 2605 prima
421 2514 531 2582 valeat
560 2515 698 2582 absolui.
744 2516 802 2582 Ex
832 2537 873 2584 eo
902 2518 992 2582 enim
1021 2517 1112 2601 quod
1142 2515 1279 2583 clericus
1294 2535 1326 2578 πο

180 2623 286 2690 usuris
322 2621 502 2688 insemiens
540 2619 711 2703 dignitatis
743 2639 803 2686 sue
839 2619 1048 2704 priuilegium
1085 2619 1280 2696 demeretur,

180 2747 298 2811 parem
319 2725 405 2792 laico
426 2725 473 2789 sic
495 2723 699 2808 delinquenti
721 2742 843 2808 penam
863 2724 927 2788 sibi
950 2732 1123 2801 mercatur,
1146 2733 1191 2802 ut,
1207 2723 1280 2806 ipso

180 2830 337 2897 videlicet
353 2828 397 2894 de
415 2827 525 2893 medio
544 2826 687 2906 sublato,
702 2827 815 2892 omnia
836 2827 907 2892 eius
926 2824 1062 2894 mobilia
1083 2824 1164 2894 fisco
1180 2828 1279 2892 debe·

180 2945 289 3001 autur.
349 2931 505 2998 Ceterum
535 2931 620 2999 sicut
648 2951 670 2996 a
699 2930 917 3016 prudentibus
946 2931 1142 3014 accepimus,
1171 2931 1205 2995 in
1233 2932 1281 2996 sic

181 3037 431 3118 delinquentem
470 3033 624 3102 clericum
663 3030 717 3099 vei
753 3032 875 3100 laicum
919 3031 1152 3112 Christianum,
1190 3034 1279 3116 regia
1293 3055 1324 3107 ις

181 3151 334 3228 potestas
345 3139 510 3205 actionem
522 3158 588 3202 non
599 3136 710 3213 habet,
721 3138 802 3204 dum
812 3138 880 3204 vita
891 3136 1118 3217 comessuerit,
1130 3148 1279 3220 superest
1293 3147 1306 3198 1

182 3247 272 3311 enim
302 3241 482 3326 penitentie
508 3249 662 3324 tempus;
692 3250 744 3306 set
773 3242 879 3324 magis
908 3239 1130 3307 ecclesiastico
1159 3241 1280 3307 iudicio

181 3356 367 3418 reseruntur
387 3365 449 3429 pro
468 3345 518 3410 sui
538 3354 645 3411 status
666 3344 828 3428 qualitate
842 3344 1144 3428 condempnandus.
1189 3341 1278 3411 Cum

182 3463 297 3520 autem
327 3449 387 3514 lati
417 3468 537 3515 munus
571 3447 766 3532 expleuerit,
795 3468 856 3513 sua
889 3449 1011 3527 omnia,
1041 3446 1178 3514 ecclesia
1210 3466 1278 3514 non

183 3555 392 3628 reclamante,
412 3553 481 3636 regi
500 3551 631 3630 cedunt,
646 3551 720 3631 nisi,
739 3551 825 3616 sicut
844 3551 972 3618 dictum
990 3559 1051 3630 est,
1066 3552 1137 3616 vita
1155 3550 1280 3618 comite
1292 3582 1325 3633 ³0

182 3663 285 3746 digne
307 3656 484 3744 penituerit
502 3664 545 3734 et,
567 3663 771 3721 testamento
794 3655 936 3730 condito,
955 3676 1020 3739 que
1037 3654 1149 3740 legare
1167 3656 1279 3720 decre-

182 3767 277 3841 uerit,
307 3786 327 3830 a
357 3783 393 3828 se
428 3779 561 3845 prorsus
592 3757 791 3840 alienauerit.
836 3758 956 3825 Restat
985 3759 1098 3843 itaque
1129 3768 1167 3825 vt
1196 3779 1279 3843 quas

182 3864 370 3952 ‘publicas’
392 3863 542 3929 dicamus
565 3860 719 3928 ‘usuras’
743 3870 778 3928 et
799 3882 883 3945 quas
904 3864 990 3928 ‘non
1016 3860 1186 3946 publicas'
1217 3882 1278 3927 ex·

182 3970 368 4056 pediamus,
391 3968 523 4046 deinde,
547 3966 576 4032 si
601 3965 672 4050 pari
697 3964 771 4050 lege
799 3974 974 4033 teneantur
996 3966 1054 4050 qui
1076 3966 1110 4030 in
1132 3965 1280 4050 utrisque

220 4117 678 4262 t
725 4103 894 4245 ,rc-1⁸⁶5
977 4115 1281 4245 1

183 4207 483 4336 {uantquuantaNR
537 4274 570 4328 14
581 4269 610 4316 et
619 4258 718 4315 ΜΝ
765 4257 914 4314 meritoriis
923 4261 1013 4316 orac
1029 4205 1047 4259 p
1063 4201 1284 4315 scenicum}

184 4349 219 4390 aa
233 4330 286 4403 sic]
299 4334 390 4388 suoR
443 4331 630 4388 mereaturN
678 4326 808 4414 nalem]
821 4329 912 4412 siclt(
956 4329 984 4385 in
998 4331 1088 4385 0m.R
1140 4324 1284 4454 spineti}

184 4405 291 4462 fiuntR
343 4402 596 4477 sytempusmc
645 4401 1059 4473 sspostmuspublteaamR
1111 4413 1247 4468 341nonr.

227 4527 337 4559 neum.
383 4579 387 4585 .
515 4543 518 4552 .
723 4501 748 4554 Τ
