3360 5172
184 399 212 452 n
230 387 262 452 iv
277 381 317 475 a]
553 383 619 450 DE
643 381 916 452 SCACCARIO
1221 394 1284 466 125

185 559 271 625 Sunt
287 567 321 624 et
338 556 404 623 alie
419 555 530 640 plures
541 555 773 622 excusationes
787 555 935 620 absentie
944 553 1156 634 vicecomitis,
1171 573 1285 622 neces·

184 662 269 728 sarie
290 660 426 744 quidem
449 668 484 725 et
505 659 634 744 legibus
657 659 883 740 determinate,
900 678 982 741 quas
999 677 1068 722 non
1089 658 1284 724 abdicamus

183 766 236 831 vel
266 764 488 841 excludimus,
516 764 621 828 immo
654 783 731 827 cum
764 762 961 828 sufficientes
994 763 1065 827 vise
1101 760 1232 840 luerint,
1262 784 1284 828 a

184 869 365 934 maioribus
391 867 533 934 libenter
554 866 770 950 suscepimus.
814 864 882 932 Sed
905 865 966 930 has
995 884 1062 947 que
1084 866 1187 931 menti
1209 885 1284 932 mee

183 995 220 1039 se
233 973 277 1038 ad
293 991 427 1054 presens
444 970 637 1056 optulerunt
651 970 745 1054 quasi
759 969 1007 1054 frequentiores,
1017 968 1163 1052 exempli
1175 989 1284 1052 causa,
1297 999 1313 1053 ς

184 1075 394 1140 subiecimus.

226 1178 423 1258 Discipulus.
465 1177 594 1242 Videor
611 1197 655 1242 ex
674 1177 832 1262 predictis
850 1176 1056 1262 perpendere
1072 1177 1163 1259 quod
1179 1177 1283 1258 miles,

184 1281 236 1346 vel
252 1280 391 1366 quilibet
406 1281 489 1346 alius
501 1281 672 1361 discretus,
684 1281 788 1365 possit
801 1301 823 1346 a
837 1301 915 1366 rege
929 1281 1122 1357 vicecomes,
1133 1281 1186 1346 vel
1200 1279 1285 1346 alius

184 1385 327 1451 balliuus
345 1385 459 1465 creari,
479 1386 581 1451 etiam
605 1386 633 1450 si
657 1383 703 1449 nil
728 1384 773 1449 ab
801 1384 875 1468 ipso
900 1384 1069 1468 possideat
1094 1384 1152 1449 sed
1175 1384 1283 1450 solum

183 1492 227 1555 ab
249 1490 332 1554 aliia.
1299 1517 1332 1554 re

227 1594 405 1677 Magister.
451 1591 603 1659 Debetur
628 1590 690 1658 hec
715 1591 928 1676 prerogatiua
952 1590 1123 1675 dignitatis
1152 1589 1285 1676 publice

185 1697 355 1780 potestati,
369 1707 405 1762 vt
422 1698 646 1778 cuiuscunque
662 1695 715 1772 sit,
731 1695 913 1778 cuicunque
931 1695 981 1760 vir
997 1695 1116 1779 aliquis
1132 1695 1165 1760 in
1180 1715 1284 1780 regno

186 1802 308 1869 militet
329 1800 381 1866 vel
404 1785 575 1879 ministret,
589 1801 618 1864 si
639 1799 710 1883 regi
726 1800 929 1865 necessarius
951 1799 1041 1864 visus
1063 1797 1169 1878 luerit,
1184 1799 1285 1865 libere

189 1905 294 1988 possit
308 1905 431 1970 assumi
447 1913 481 1970 et
495 1903 593 1988 regiis
607 1902 775 1986 obsequiis
789 1903 951 1987 deputari.

228 2008 426 2092 Discipulus.
471 2007 528 2073 Ex
542 2008 609 2074 hoc
619 2008 721 2074 etiam
732 2026 831 2070 cerno
841 2025 955 2071 verum
967 2027 1040 2071 esse
1053 2007 1144 2090 quod
1154 2005 1276 2073 dicitur
1298 2025 1328 2082 τε

358 2129 437 2194 ‘An
452 2129 559 2194 nescis
573 2127 691 2213 longas
706 2127 839 2212 regibus
853 2146 925 2192 esse
941 2124 1098 2192 manus?’

229 2249 297 2316 Sed
320 2249 386 2314 iam
409 2269 505 2326 nunc,
522 2248 550 2313 si
570 2249 692 2332 placet,
706 2248 750 2313 ad
772 2249 903 2331 agenda
923 2246 1128 2312 vicecomitis
1147 2264 1320 2314 manumn

185 2355 319 2420 mittere
340 2373 408 2419 non
429 2353 572 2418 differas.
616 2351 675 2416 Ad
705 2351 766 2417 hec
796 2351 893 2432 enim,
922 2359 957 2416 te
986 2360 1153 2432 monente,
1174 2360 1282 2416 totam

189 2457 384 2522 attentionis
396 2455 591 2522 industriam
606 2455 674 2519 iam
685 2455 804 2538 collegi
814 2453 921 2518 sciens
931 2475 975 2518 ex
990 2453 1053 2518 hiis
1068 2453 1287 2520 excellentem

186 2560 340 2625 scaccarii
357 2559 538 2636 scientiam,
552 2559 639 2624 sicut
654 2559 841 2644 predictum
856 2567 917 2639 est,
932 2557 1053 2623 debere
1066 2557 1198 2642 requiri.
1300 2581 1332 2622 ιο

229 2661 405 2746 Magister.
449 2661 606 2729 Gratulor
636 2674 670 2728 te
701 2680 881 2726 memorem
910 2663 1166 2747 premissorum
1198 2664 1287 2729 vnde

187 2765 294 2831 fateor
308 2766 476 2852 languenti
491 2786 577 2852 pene
592 2764 720 2831 calamo
729 2776 765 2831 te
779 2765 931 2831 stimulos
941 2765 1131 2845 addidisse3
1153 2767 1287 2832 noueris

188 2879 300 2934 autem
315 2871 406 2953 quod
421 2869 616 2948 vicecomes,
632 2868 694 2934 nisi
710 2867 798 2933 iacto
818 2870 911 2952 prius
926 2869 1089 2947 examine,
1100 2867 1286 2953 debitisque

187 2975 371 3056 dequibus
394 2973 616 3040 summonitus
642 2980 695 3038 est
717 2971 842 3050 solutis,
868 2971 1011 3038 residere
1033 2992 1098 3036 non
1120 2972 1221 3038 debet
1242 2972 1287 3038 ad

187 3089 390 3162 compotum.
435 3077 523 3144 Cum
549 3085 663 3143 autern
688 3075 863 3142 accesserit
893 3083 927 3141 et
952 3076 1019 3141 iam
1045 3075 1204 3155 residerit,
1229 3075 1285 3141 alii
1300 3097 1331 3150 ²5

187 3181 397 3248 vicecomites
425 3179 657 3260 excludantur,
687 3189 721 3245 et
750 3179 893 3246 resideat
922 3178 1013 3244 solus
1042 3197 1119 3244 cum
1149 3179 1216 3244 suis
1241 3179 1286 3244 ad

188 3287 391 3370 interrogata
411 3305 635 3370 responsurus.
679 3283 858 3350 Prouideat
876 3293 989 3349 autem
1010 3290 1049 3347 vt
1067 3281 1139 3368 ipsa
1156 3283 1211 3349 die
1232 3283 1285 3347 vel

187 3390 386 3473 precedente
401 3387 608 3455 debitoribus
624 3388 676 3454 sui
692 3387 869 3454 comitatus
886 3385 1077 3465 innotuerit,
1092 3406 1159 3469 qua
1174 3387 1228 3452 die
1242 3387 1287 3453 sit

187 3493 230 3556 ad
256 3501 452 3576 compotum
473 3511 632 3573 sessurus,
653 3491 707 3558 vel
730 3492 832 3558 etiam
854 3489 941 3556 circa
963 3491 1100 3554 domum
1122 3489 1286 3570 scaccarii,

189 3595 243 3660 vel
256 3597 366 3662 vicum
381 3595 434 3661 vel
452 3597 573 3677 villam,
590 3615 673 3662 voce
692 3595 848 3680 preconia
866 3595 949 3679 ipsis
968 3594 1143 3660 denuntiet
1157 3614 1193 3659 se
1207 3604 1286 3659 tunc
1300 3617 1333 3669 30

186 3700 238 3764 vel
264 3709 344 3766 tunc
370 3718 546 3766 sessurum.
590 3695 695 3779 Tunc,
712 3699 905 3765 sedentibus
928 3705 962 3764 et
984 3698 1194 3763 audientibus
1214 3717 1286 3764 om·

187 3803 293 3884 nisus,
306 3803 539 3884 thesaurarius,
558 3803 626 3888 qui,
641 3803 724 3870 sicut
745 3803 871 3868 dictum
887 3811 948 3882 est,
964 3801 1092 3866 ratione
1106 3799 1203 3868 officii
1225 3800 1288 3866 srbi

76 3967 82 3974 .
187 3908 319 3975 videtur
339 3906 516 3983 aduersari,
531 3918 648 3991 querat
668 3907 696 3971 si
713 3917 849 3992 paratus
866 3911 917 3970 est
938 3905 1075 3971 reddere
1092 3915 1287 3991 compotum

188 4031 283 4077 suum
298 4031 307 4091 ;
329 4027 397 4094 quo
413 4011 642 4094 respondente,
657 4005 793 4076 ‘Presto
807 4007 902 4083 sum,'
916 4005 1036 4075 inierat
1056 4007 1287 4088 thesaurarius,

187 4123 195 4151 ⁶
210 4115 274 4180 Dic
290 4115 399 4198 igitur,
415 4114 449 4179 in
463 4114 589 4199 primis,
603 4113 631 4180 si
645 4112 834 4192 elemosine,
846 4110 873 4176 si
887 4111 1063 4190 decime,si
1077 4112 1287 4178 liberationes
1301 4134 1332 4184 ss

224 4273 743 4400 sadpresensseoptulerintqqiaC
821 4269 1029 4344 quasi]etsiN
1115 4271 1275 4343 {pauenda

186 4345 375 4417 agendamN
441 4357 474 4416 25
492 4343 629 4402 resederit
740 4341 1035 4415 3asicut1sicumN
1084 4357 1118 4413 33
1130 4341 1273 4398 aduenari

187 4414 381 4474 aduersariiR
451 4431 486 4486 34
499 4431 581 4473 suum
592 4431 647 4472 om.
659 4415 719 4471 NR
789 4411 991 4484 thesaurarius]
1004 4411 1216 4472 nesuumn'
