3360 5172
392 393 454 476 142*
759 391 826 458 os
849 369 1124 459 scnccsrnd
1389 383 1436 477 [11
1452 385 1498 454 ἡ

389 563 572 643 soluuntur,
586 558 736 650 sequitur
756 573 930 649 compotus
944 565 989 630 de
1004 562 1135 648 placitis
1155 569 1189 628 et
1204 559 1498 638 conuentionffius,

390 666 424 732 in
447 687 515 751 quo
534 668 678 752 primum
701 679 777 754 post
794 669 964 734 modicum
986 667 1197 734 interuallum
1219 666 1253 731 in
1277 665 1387 731 modio
1401 664 1497 730 tinec

392 771 580 856 prenotatio
595 769 644 850 lit,
658 788 798 856 quorum
813 769 941 836 scilicet
956 771 1102 836 iudicum
1118 769 1179 836 hec
1194 769 1272 835 sint.

330 842 379 972 ’ἕ
436 873 563 940 Placita
576 883 690 940 autem
705 875 845 939 dicimus
857 894 960 958 penas
974 875 1180 958 pecuniarias
1194 873 1228 938 in
1240 894 1323 958 quas
1337 871 1490 937 incidunt

362 977 629 1063 sdelinquentes,
651 979 889 1044 conuentiones
918 999 997 1044 vero
1022 978 1137 1044 oblata
1159 987 1355 1062 spontanea.
1399 975 1488 1042 Cum

389 1101 470 1166 ergo
488 1083 532 1148 de
546 1081 608 1146 hiis
626 1081 730 1146 instat
747 1081 890 1164 exactio,
904 1090 984 1147 tuuc
1003 1083 1148 1166 primurn
1166 1081 1285 1147 clerico
1304 1076 1488 1144 cancellarii

389 1185 533 1252 traditur
554 1185 778 1264 summonitio,
800 1185 857 1268 qui
885 1185 1033 1251 seriatim
1055 1186 1098 1252 de
1119 1183 1259 1270 singulis
1283 1193 1379 1269 urget
1399 1183 1490 1248 vice·

389 1289 555 1368 comitem,
570 1289 685 1354 dicens
699 1292 707 1322 ‘
721 1287 842 1356 Redde
856 1290 900 1354 de
914 1288 971 1354 illo
986 1311 1020 1358 x.
1034 1309 1095 1374 pro
1109 1288 1173 1354 hac
1188 1288 1308 1355 causa'
1322 1309 1331 1368 ;
1352 1289 1442 1372 quod
1459 1287 1488 1352 si

389 1393 589 1460 inthesauro
599 1393 736 1460 soluerit
746 1394 837 1479 quod
849 1394 1031 1479 requiritur,
1040 1395 1255 1460 sicscribetur
1264 1395 1299 1459 in
1307 1393 1487 1460 annali‘N.

346 1515 377 1554 ιο
391 1500 499 1566 reddit
521 1508 717 1583 compotum
732 1498 776 1562 de
797 1520 832 1564 x.
847 1497 940 1564 libris
955 1518 1017 1584 pro
1039 1498 1102 1562 hac
1124 1497 1244 1564 causa’
1260 1509 1295 1564 et
1314 1517 1359 1567 ex
1373 1498 1492 1564 ordine

389 1610 463 1668 tota
477 1602 647 1686 redigatur
661 1603 696 1666 in
715 1601 875 1686 scriptum
891 1601 953 1667 ‘In
968 1601 1124 1668 thesauro
1139 1601 1294 1668 liberauit
1309 1611 1343 1667 et
1357 1601 1491 1686 quietus

390 1703 462 1770 est!
501 1704 538 1772 Si
556 1725 636 1770 vero
652 1725 711 1789 per
724 1704 825 1770 breue
839 1707 927 1790 regis
944 1706 1076 1790 quietus
1089 1715 1149 1782 est,
1170 1713 1219 1786 vt,
1233 1707 1320 1772 sicut
1334 1705 1489 1781 diximus,

390 1828 545 1875 numerus
575 1809 782 1894 exprimatur
811 1808 843 1874 in
874 1809 977 1888 breui,
1006 1810 1136 1875 dicetur
1157 1809 1222 1874 ‘N.
1260 1808 1368 1874 reddit
1396 1828 1488 1873 com·

389 1923 508 1998 potum
523 1913 617 1978 dex.
632 1912 724 1977 libris
737 1909 744 1934 ’
756 1922 791 1977 et
805 1913 910 1978 addat
925 1930 1080 1977 causam:
1102 1911 1224 1978 deinde
1238 1911 1339 1996 paulo
1353 1910 1495 1976 inferius

347 2009 377 2082 25
391 2017 425 2080 in
447 2017 520 2101 ipsa
539 2014 630 2080 linea
651 2017 712 2080 ‘In
727 2014 882 2098 perdonis
901 2036 960 2101 per
980 2017 1083 2082 breue
1098 2015 1183 2100 regis
1202 2015 1264 2099 ipsi
1281 2015 1325 2080 N.
1339 2036 1372 2080 x
1394 2013 1492 2079 libre,

392 2120 438 2185 Et
454 2121 583 2203 quietus
598 2117 669 2184 est!
714 2117 816 2202 Quod
830 2119 858 2182 si
873 2118 916 2184 de
934 2139 961 2184 c
976 2121 1199 2186 summonitus
1214 2120 1267 2196 sit,
1283 2139 1359 2185 cum
1374 2129 1492 2185 tamen

391 2243 521 2289 summa
536 2222 640 2288 debiti
655 2222 699 2289 sit
715 2222 749 2286 in
762 2220 873 2287 annali
889 2243 923 2288 x
941 2222 1033 2302 libre,
1048 2233 1082 2287 et
1096 2244 1126 2288 c.
1138 2223 1274 2289 soluerit
1289 2225 1323 2288 in
1338 2224 1489 2305 denariis,

390 2325 444 2391 vel
459 2325 502 2390 de
524 2345 551 2390 c.
569 2325 671 2390 breue
691 2325 778 2408 regis
795 2325 1031 2409 impetrauerit,
1045 2326 1173 2392 dicetur
1188 2327 1253 2393 ‘N.
1272 2327 1384 2392 reddit
1398 2346 1490 2392 com·

391 2437 508 2512 potum
539 2428 583 2493 de
610 2449 646 2494 x.
673 2427 774 2493 libris.
812 2429 852 2494 In
878 2430 1034 2495 thesauro
1062 2451 1092 2496 c.
1114 2431 1240 2497 solidos
1265 2439 1301 2498 et
1330 2431 1431 2498 debet
1460 2451 1493 2496 cs

347 2553 380 2590 ro
392 2529 536 2599 solidos’
550 2530 604 2597 vel
626 2531 686 2596 ‘ln
704 2532 861 2618 perdonis
878 2552 938 2618 per
955 2533 1057 2598 breue
1076 2534 1163 2620 regis
1178 2534 1241 2618 ipsi
1257 2534 1301 2600 N.
1322 2554 1352 2599 c.
1366 2533 1491 2600 solidos

392 2645 426 2700 et
448 2633 549 2702 debet
571 2655 599 2699 c.
622 2631 768 2701 solidos.’
812 2635 859 2702 Et
879 2645 961 2704 nota
982 2637 1073 2720 quod
1095 2637 1130 2702 in
1151 2637 1305 2704 omnibus
1325 2638 1493 2722 compotis·

392 2740 435 2805 de
455 2739 585 2824 placitis
604 2748 640 2805 et
661 2739 938 2806 conuentionibus
952 2737 1074 2826 singuli
1094 2761 1157 2826 pro
1176 2763 1213 2808 se
1233 2742 1491 2826 respondebunt,-

391 2851 429 2910 vt
442 2842 569 2907 scilicet
583 2862 667 2909 onus
689 2841 805 2921 debiti,
821 2843 928 2910 sinon
947 2843 1151 2924 satisfecerit,
1163 2845 1216 2911 vel
1237 2844 1492 2920 absolutionem,

392 2947 421 3011 si
435 2947 623 3013 uniuersum
639 2945 785 3025 soluerit,
800 2966 861 3013 suo
875 2947 1010 3014 nomine
1024 2949 1215 3032 suscipiant,
1232 2945 1383 3032 exceptis
1397 2968 1493 3014 com·
1614 3019 1620 3028 ,

349 3061 380 3123 ts
393 3053 547 3118 munibus
572 3050 685 3116 assisis
710 3059 746 3116 et
773 3049 965 3134 danegeldis
988 3060 1023 3116 et
1045 3052 1194 3117 murdris.
1238 3051 1294 3117 De
1316 3043 1381 3117 hiis
1402 3052 1491 3117 arim

391 3155 577 3221 vicecomes
598 3161 792 3237 compotum
814 3153 925 3218 reddit
944 3162 980 3219 et
998 3174 1099 3238 super
1116 3154 1181 3221 hiis
1202 3155 1274 3239 ipse
1290 3155 1343 3220 vel
1361 3155 1493 3239 quietus

392 3260 426 3324 in
444 3257 553 3324 annali
575 3256 729 3324 scribitur
749 3256 802 3323 vel
824 3258 857 3322 in
879 3256 1005 3323 debito.
1050 3257 1152 3342 Quod
1174 3258 1203 3323 si
1226 3268 1374 3326 mutatus
1394 3260 1496 3325 luerit

391 3362 584 3439 vicecomes,
605 3360 834 3427 nichilominus
857 3361 895 3437 is,
917 3361 974 3445 qui
996 3363 1142 3428 succedit
1162 3363 1202 3441 ei,
1224 3364 1267 3430 de
1292 3363 1419 3428 eisdem
1442 3383 1493 3427 re·

359 3465 572 3550 Bspondebit
589 3473 624 3530 et
641 3465 685 3529 de
699 3465 764 3530 illis
781 3465 1053 3546 summonebitur,
1069 3475 1114 3546 et,
1129 3465 1192 3532 nisi
1213 3467 1414 3546 satisfecerit,
1432 3485 1493 3551 per

348 3593 383 3642 30
393 3566 530 3642 firmam,
547 3586 648 3649 quam
663 3567 831 3634 soluturus
842 3579 902 3647 est,
913 3570 1111 3635 coercendus
1127 3580 1190 3637 est.
1234 3569 1393 3656 Quisquis
1405 3572 1495 3636 enim

393 3670 428 3735 in
442 3689 525 3735 onus
544 3669 692 3735 eiusdem
709 3670 809 3737 officii
830 3681 960 3738 mutato
979 3674 1128 3739 succedit
1146 3674 1344 3755 vicecomiti,
1358 3675 1402 3739 ab
1420 3676 1493 3760 ipso

392 3774 531 3859 suscipit
550 3774 708 3857 rescripta
728 3775 918 3850 debitomm
940 3777 1026 3862 regis
1044 3777 1078 3842 in
1101 3777 1175 3863 ipso
1191 3778 1364 3858 comitatu,
1378 3788 1415 3845 vt
1434 3791 1497 3862 per·

393 3875 455 3942 hec
475 3893 573 3940 nosse
593 3875 705 3941 valeat
727 3895 748 3942 a
769 3878 891 3961 quibus
910 3897 976 3962 que
994 3880 1140 3947 debeant
1161 3881 1290 3966 requiri,
1304 3902 1380 3947 curn
1402 3902 1493 3947 sum·

394 3980 612 4048 monitionem
640 3981 685 4046 ad
714 4001 751 4047 se
776 3982 923 4050 delatam
949 3985 1138 4070 susceperit
1182 3985 1241 4052 Ad
1262 3987 1493 4053 vicecomitem

430 4163 768 4288 psolueritlsoluiturll'
823 4215 884 4288 ,ις
906 4203 1151 4288 inperdouisona
1164 4199 1201 4261 Ν
1281 4205 1493 4332 postipsiagid

394 4273 933 4429 22¹slntt⁷⁶⁶lfztt⁸ltin
947 4275 1120 4418 ,curs
1163 4275 1501 4420 astitisti

395 4430 432 4488 3⁰
448 4416 626 4476 soliturusN
691 4430 727 4488 32
744 4417 957 4490 rescrrptamN
