3360 5172
213 366 286 434 rvn
302 363 342 457 n]
581 366 649 434 na
671 362 945 434 scAccAnro
1268 385 1309 455 91

211 539 315 603 etiam
345 534 428 603 libre
449 533 606 618 ponderis
628 533 865 620 respondentes
887 533 1049 611 soluisset,
1071 547 1312 620 consequenter

210 638 329 705 libram
347 638 501 705 soluisset
515 647 715 723 argenteam.
760 637 894 703 Poterat
909 639 997 703 enim
1007 658 1110 724 cupro
1123 640 1178 705 vel
1191 641 1310 724 quouis

210 763 266 808 cre
281 745 424 809 mixtam
442 743 590 822 soluisse,
604 762 681 809 cum
701 761 768 807 non
783 742 877 808 fieret
892 743 1104 808 examinatio.
1148 743 1197 809 Vt
1210 745 1311 829 igitur

209 848 299 932 regie
321 845 417 913 simul
443 854 478 912 et
500 845 633 933 publice
658 845 887 930 prouideretur
908 846 1054 927 vtilitati,
1073 845 1189 912 habito
1211 867 1310 934 super

209 951 275 1016 hoc
300 951 374 1035 ipso
399 951 487 1036 regis
515 949 663 1029 consilio,
690 950 906 1016 constitutum
932 959 985 1017 est
1014 959 1051 1016 vt
1076 949 1171 1016 fieret
1192 952 1336 1018 ordines

208 1055 358 1138 predicto
373 1053 468 1118 firme
483 1053 669 1120 combustio
682 1053 735 1118 vel
751 1053 962 1120 examinatio

251 1158 451 1242 Dacipulus.
496 1156 678 1241 Quomodo
692 1157 846 1242 publice?

251 1263 427 1346 Magister.
471 1260 625 1328 Sentiens
651 1261 740 1326 enim
762 1261 947 1328 vicecomes
969 1282 1006 1328 se
1033 1262 1223 1346 pregrauari
1247 1284 1307 1347 per

206 1366 471 1432 combustionem
482 1364 653 1430 deterioris
665 1375 811 1442 monete,
826 1385 902 1431 cum
918 1363 1049 1430 firmam
1065 1375 1116 1432 est
1130 1366 1306 1444 soluturus,

207 1469 385 1535 sollicitam
398 1468 540 1548 adhibet
550 1467 758 1553 diligentiam
769 1477 806 1533 vt
822 1469 994 1535 monetarii
1005 1469 1067 1534 sub
1082 1489 1123 1534 eo
1134 1470 1305 1536 constituti
1321 1481 1352 1518 ¹0

207 1571 291 1658 legis
309 1574 490 1638 constitute
507 1571 590 1636 fines
611 1589 677 1635 non
697 1572 873 1638 excedant.
919 1571 1014 1656 Quos
1033 1592 1110 1638 cum
1124 1573 1304 1658 deprehen-

205 1675 292 1740 derit
305 1677 354 1742 sic
368 1677 550 1760 puniuntur
563 1685 602 1740 vt
617 1693 732 1741 eorum
747 1674 905 1758 exemplo
919 1676 1020 1741 ceteri
1033 1684 1226 1742 terreantur.

248 1778 445 1865 Discipulus.
490 1778 661 1863 Numquid
690 1779 735 1844 de
769 1779 923 1845 omnibus
959 1779 1172 1846 comitatibus
1208 1780 1305 1846 firma

204 1882 324 1950 blanca
338 1883 423 1950 solui
437 1884 539 1950 debet
552 1883 606 1949 vcl
620 1883 825 1949 examinatio
842 1883 935 1949 fieri?

247 1986 423 2072 Magister.
468 1986 560 2054 Non.
604 1985 674 2052 Sed
690 1987 748 2070 qui
769 1988 812 2052 de
830 1989 968 2072 antiquo
987 1986 1058 2053 iure
1077 2007 1198 2054 corone
1214 1987 1303 2072 regie
1315 2006 1345 2058 15

204 2093 461 2157 annominantur
474 2091 522 2158 sic
536 2091 679 2157 soluunt.
726 2089 794 2174 Qui
808 2111 887 2157 vero
906 2111 965 2175 per
979 2091 1160 2157 incidentes
1174 2091 1303 2175 aliquos
1340 2091 1343 2100 '

204 2214 301 2260 casus
333 2193 527 2260 infiscantur
558 2195 631 2261 solo
663 2214 800 2260 numero
834 2194 1048 2274 satisfaciunt,
1081 2194 1197 2278 quales
1226 2203 1303 2260 sunt

204 2297 381 2384 Salopscir,
404 2298 550 2377 Sudsex,
572 2298 865 2365 Norhumberland
894 2309 929 2364 et
952 2298 1186 2366 Cumberland.
1243 2298 1302 2363 Li·

202 2403 319 2468 berum
350 2413 401 2468 est
433 2402 536 2469 etiarn
568 2403 756 2469 vicecomiti
777 2412 814 2468 vt
843 2423 904 2489 pro
927 2399 1023 2468 firma
1049 2401 1167 2469 blanca
1193 2400 1303 2467 soluat

202 2507 385 2572 examinati
408 2506 535 2591 argenti
557 2506 707 2592 pondera
735 2505 838 2572 etsie
868 2507 1004 2591 effugiat
1027 2507 1188 2572 iacturam
1212 2525 1301 2572 com·
1314 2524 1347 2562 πο

202 2609 375 2676 bustionis.
433 2609 488 2676 Sic
514 2617 627 2674 tamen
649 2618 686 2674 vt
718 2608 808 2676 fusor
829 2609 916 2694 regis
945 2611 1063 2675 eadem
1092 2609 1337 2694 suscipiendaE

202 2713 367 2779 decernat.
406 2712 522 2778 Habes
538 2713 639 2799 igitur
653 2713 744 2796 quod
760 2713 880 2797 petisti,
895 2733 917 2778 a
931 2714 1051 2796 quibus
1066 2712 1192 2778 scilicet
1206 2721 1241 2778 et
1255 2713 1300 2778 ob

201 2835 303 2899 quam
317 2837 450 2883 causam
465 2817 618 2882 instituta
632 2816 731 2882 fuerit
746 2817 962 2882 examinatio.

243 2919 441 3005 Discipulos.
485 2920 595 2986 Video
615 2940 675 3003 per
689 2919 775 2986 hanc
792 2921 837 2985 ad
856 2920 1001 2985 litteram
1019 2918 1193 3001 impletum
1207 2918 1299 3001 quod

200 3023 359 3107 scriptum
373 3032 433 3103 est,
467 3021 597 3107 ‘Quale
615 3023 712 3089 fuerit
731 3023 891 3107 cuiusque
908 3044 993 3107 opus
1014 3021 1100 3107 ignis
1123 3019 1297 3107 probabit’
1312 3036 1342 3088 ²5

201 3125 269 3194 Sed
284 3128 350 3192 iarn
364 3148 451 3194 nunc
465 3126 596 3211 placeat
611 3126 716 3211 ceptis
731 3126 890 3194 insistere.

243 3231 420 3315 Magister.
464 3231 551 3297 Fiat.
608 3229 823 3314 Consequens
845 3237 904 3308 est,
928 3237 966 3294 vt
986 3227 1094 3307 credo,
1115 3227 1297 3293 secundum

200 3334 361 3418 disposite
383 3335 522 3401 rationis
542 3336 704 3412 ordinem,
719 3342 757 3399 vt
778 3354 845 3419 que
866 3333 933 3399 sint
954 3332 1134 3417 dignitates
1154 3330 1296 3396 residen-

198 3439 283 3504 tium
305 3439 349 3504 ad
372 3440 571 3506 scaccarium
595 3459 639 3503 ex
661 3436 771 3506 officio
793 3437 846 3503 vel
869 3459 913 3503 ex
936 3437 1022 3522 regis
1044 3434 1200 3500 mandato
1221 3454 1295 3518 pro·

197 3561 383 3626 sequamur.
1308 3552 1341 3604 50

197 3659 202 3666 ’
240 3644 438 3730 Dr‘scipulus.
482 3645 588 3711 Miror
622 3645 704 3712 satis
740 3664 807 3729 qua
842 3642 1103 3711 consideratione
1139 3661 1215 3707 curn
1252 3641 1295 3706 de

197 3749 311 3815 officiis
329 3759 491 3833 ageretur,
506 3750 550 3814 de
570 3749 706 3816 ostiario
722 3748 856 3815 maioris
875 3747 1029 3813 scaccarii
1048 3755 1083 3812 et
1102 3745 1172 3812 eius
1187 3745 1295 3811 officio

195 3851 309 3917 velex
325 3850 487 3918 industria
502 3852 713 3937 suppressisti
724 3851 787 3932 vel,
797 3850 974 3918 obliuionis
986 3850 1104 3915 iniuria
1115 3849 1295 3928 resistente,

195 3956 371 4042 preteristi.

239 4058 415 4144 Magister.
460 4057 617 4125 Gratulor
633 4068 669 4126 te
687 4077 867 4125 memorem
881 4057 1115 4144 predictorum.
1160 4056 1201 4120 In
1215 4076 1293 4140 pro·
1307 4071 1338 4123 ³5

195 4162 327 4229 ficiente
352 4162 478 4248 quippe
506 4161 670 4246 discipulo
697 4162 804 4247 gloria
828 4161 972 4228 doctoris
998 4171 1059 4227 est
1102 4160 1201 4225 Nosti
1226 4160 1293 4224 iam

230 4281 248 4336 6
265 4281 310 4336 vel
321 4281 492 4339 examinatio
504 4298 556 4337 rna
569 4283 597 4336 R
690 4296 723 4354 13
740 4281 871 4339 omnibus
883 4297 937 4337 om.
948 4280 986 4335 Ν
1077 4292 1111 4346 14
1117 4281 1185 4360 port
1194 4279 1246 4347 vel,
1259 4295 1293 4333 ex

194 4350 324 4407 omnibus
344 4351 522 4410 comitatibus
543 4351 608 4408 add.
630 4353 668 4408 Ν
807 4365 840 4424 19
857 4351 944 4409 etiam
959 4367 1013 4407 om.
1034 4349 1059 4407 C
1065 4365 1073 4405 ε
1092 4360 1177 4407 ettam
1197 4357 1241 4408 cst
1260 4349 1297 4406 Ν

195 4435 231 4492 24
243 4420 307 4480 vide
320 4423 348 4478 R
400 4423 436 4480 26
452 4422 478 4480 si
489 4423 636 4497 placeatC
1285 4445 1289 4452 ·
