3360 5172
186 407 216 460 11
231 391 291 460 xiv
305 386 345 482 s]
525 469 527 472 ,
556 390 624 458 DE
648 388 923 460 SCACCARIO
1225 409 1288 479 147

186 585 252 650 que
270 564 359 632 licite
372 564 563 630 venduntur
581 573 657 630 sunt
676 583 791 630 eorum
811 563 948 633 mobilia
964 583 1004 633 ac
1023 585 1096 633 sese
1110 565 1290 633 mouentia.

187 667 308 753 Qualia
329 678 408 734 sunt
429 687 556 746 aurum,
576 675 752 752 argentum
773 678 809 735 et
834 689 880 734 ex
903 667 966 734 hiis
986 688 1067 734 vasa
1093 671 1288 756 composita,

186 773 315 859 lapides
332 790 466 857 quoque
485 770 619 856 pretiosi
638 781 672 838 et
693 771 872 838 mutatoria
885 772 1157 838 vestimentorum
1175 782 1209 839 et
1226 774 1290 840 hiis

185 877 316 944 similia.
362 876 449 942 Item
463 895 623 960 equorum
637 885 814 960 vtrumque
830 895 945 961 genus,
958 875 1089 942 vsuales
1108 877 1235 943 scilicet
1254 889 1289 944 et

187 979 350 1061 indomiti,
363 989 513 1046 armenta
527 999 662 1063 quoque
684 981 786 1046 boum
806 999 846 1044 ac
866 999 984 1066 greges
1001 981 1115 1045 ouium
1130 990 1165 1046 et
1178 989 1289 1047 cetera
1302 996 1316 1048 s

185 1083 396 1164 huiusmodi;
425 1081 557 1169 frugum
582 1084 684 1148 etiam
709 1091 744 1150 et
769 1085 977 1166 quorundam
998 1082 1190 1150 victualium
1216 1103 1288 1148 mo·

185 1188 262 1255 bilis
288 1197 339 1254 est
363 1197 491 1265 natura,
515 1197 552 1253 vt
576 1187 701 1256 scilicet
725 1188 829 1254 libere
853 1187 953 1253 vendi
977 1189 1116 1272 possint,
1138 1188 1289 1256 deductis

186 1291 377 1360 necessariis
395 1291 582 1375 sumptibus
602 1290 760 1357 debitoris
777 1292 820 1358 ad
838 1291 910 1358 sola
926 1291 1090 1376 victualia,
1104 1290 1169 1357 hoc
1187 1300 1237 1356 est
1252 1299 1289 1358 vt

185 1394 374 1463 necessitati
393 1416 459 1462 non
474 1394 702 1482 superfluitati,
718 1406 753 1463 et
773 1397 854 1463 item
871 1406 908 1463 vt
928 1405 1045 1463 nature
1064 1396 1203 1464 satisfiat
1222 1419 1288 1464 uon

184 1499 319 1584 crapule
336 1520 344 1578 ;
361 1518 422 1565 nec
442 1497 504 1565 soli
519 1499 662 1566 debitori
678 1501 737 1566 sed
752 1500 849 1567 vxori
865 1501 937 1566 cius
956 1510 991 1567 et
1006 1499 1082 1566 filiis
1096 1520 1136 1567 ac
1153 1499 1287 1576 familie,
1303 1513 1334 1552 10

184 1623 286 1689 quam
310 1603 401 1688 prius
426 1602 623 1672 mhibuerat
647 1604 727 1670 dum
752 1604 817 1671 sibi
842 1602 976 1681 viueret,
1000 1603 1078 1670 hinc
1106 1604 1289 1672 necessaria

124 1757 127 1764 .
185 1708 422 1774 ministrantur.

227 1809 424 1894 Discipulus.
469 1808 583 1893 Quare
597 1809 681 1876 dicis
696 1812 929 1894 quorundam?
1300 1805 1322 1855 Β

227 1914 403 1999 Magister.
446 1913 621 1990 victualia,
643 1934 709 1998 que
734 1914 779 1980 ab
804 1914 851 1980 eis
875 1914 1051 1982 cotidianis
1076 1915 1188 1982 vsibus
1214 1935 1286 2000 pre·

184 2026 343 2106 parantur
364 2027 486 2103 etque
508 2017 577 2083 sine
601 2017 651 2084 sui
675 2018 859 2084 mutatione
882 2019 993 2086 esibus
1018 2021 1287 2098 accomodantur,
1302 2039 1332 2090 ¹⁵

182 2122 296 2208 qualia
319 2131 397 2190 sunt
426 2122 520 2205 panis
548 2129 583 2187 et
609 2130 717 2206 potus,
744 2121 836 2187 nulla
860 2123 989 2189 ratione
1013 2123 1110 2189 vendi
1138 2132 1287 2208 possunt.

181 2225 384 2295 victualium
404 2225 506 2312 igitur
523 2246 564 2291 ea
582 2225 771 2305 dumtaxat,
786 2244 852 2309 que
870 2235 982 2310 preter
995 2247 1073 2291 vsus
1088 2226 1287 2294 necessarios

182 2331 227 2398 ab
241 2332 321 2416 ipsis
336 2331 481 2397 dominis
496 2331 693 2396 reseruanda
706 2329 844 2409 fuerant,
859 2339 897 2396 vt
910 2330 1041 2396 venalia
1055 2329 1182 2411 fierent,
1196 2330 1287 2397 licite

182 2436 378 2515 venduntur,
392 2432 504 2517 qualia
517 2441 595 2498 sunt
610 2452 723 2498 carnes
737 2431 807 2499 sale
820 2433 963 2516 condite,
978 2434 1073 2510 casei,
1089 2433 1198 2513 mella,
1208 2435 1288 2500 vina

183 2547 218 2606 et
239 2538 302 2605 hiis
323 2537 453 2603 similia.
500 2535 547 2603 Et
566 2546 646 2602 nota
664 2536 765 2622 quod,
778 2536 805 2600 si
825 2537 957 2603 debitor
975 2536 1031 2603 ille
1049 2537 1106 2621 qui
1124 2537 1286 2604 soluendo
1300 2559 1331 2596 πο

183 2661 251 2707 non
268 2651 327 2721 est,
342 2640 459 2708 militie
478 2638 648 2724 cingulum
669 2639 772 2706 semel
794 2640 982 2724 optinuerit,
999 2641 1140 2708 venditis
1162 2639 1287 2724 ceteris,

183 2763 287 2828 equus
312 2755 425 2811 tamen
451 2745 492 2825 ei,
514 2763 581 2809 non
607 2742 746 2828 quilibet
766 2751 819 2808 set
838 2762 923 2808 vnus
944 2741 1117 2824 vsualium,
1140 2763 1285 2810 reserara-

184 2849 281 2924 bitur,
312 2867 363 2930 ne,
383 2847 440 2932 qui
469 2847 633 2932 dignitate
665 2844 771 2913 sactus
800 2856 851 2914 est
880 2866 990 2931 eques,
1012 2849 1116 2934 pedes
1149 2859 1286 2934 cogatur

184 2951 343 3018 incedere
387 2949 488 3036 Quod
510 2951 537 3018 si
561 2949 655 3016 miles
676 2950 837 3017 eiusmodi
860 2948 957 3016 suerit

271 3062 391 3140 ‘quem
407 3055 501 3144 iuuet,
516 3073 681 3120 armorum
696 3054 797 3120 decor
815 3062 850 3119 et
865 3059 957 3121 iuuet
971 3074 1048 3121 vsus
1062 3051 1197 3132 eorum,'
1300 3074 1329 3126 τε

183 3167 219 3226 et
233 3159 300 3244 qui,
315 3158 438 3224 meritis
451 3157 671 3242 exigentibus,
685 3156 807 3223 debeat
821 3157 906 3223 inter
923 3167 1072 3222 strenuos
1091 3155 1284 3240 computari,

183 3272 256 3332 tota
285 3263 335 3328 sui
363 3261 510 3347 corporis
537 3270 705 3328 armatura
733 3279 809 3328 cum
838 3259 929 3345 equis
957 3261 1002 3326 ad
1031 3259 1066 3325 id
1095 3259 1286 3326 necessariis

183 3387 204 3434 a
218 3366 442 3434 venditoribus
461 3366 523 3432 erit
543 3364 718 3442 liberrima,
732 3371 778 3440 vt,
793 3383 869 3430 cum
884 3364 1076 3448 oportuerit,
1091 3365 1134 3431 ad
1150 3365 1235 3452 regis
1251 3376 1286 3433 et

183 3471 277 3558 regni
292 3471 425 3557 negotia
439 3469 539 3535 armis
553 3476 588 3534 et
601 3467 694 3552 equis
709 3467 887 3533 instructus
902 3468 1006 3554 possit
1021 3467 1152 3534 assumi

312 3571 372 3640 ‘Si
388 3583 499 3642 tamen
516 3572 570 3640 bic
585 3572 675 3640 idem
688 3572 742 3638 cui
756 3572 815 3637 lex
830 3571 863 3638 in
877 3581 972 3658 parte
986 3571 1152 3660 pepercit’
1297 3593 1329 3644 ³⁰

183 3679 298 3746 audita
327 3678 523 3744 necessitate
552 3676 640 3760 regis
668 3674 722 3742 vel
749 3677 852 3760 regni,
878 3675 1073 3742 delitescens
1101 3697 1138 3743 se
1167 3675 1285 3743 absen-

182 3783 313 3862 tauerit,
331 3781 385 3847 vel
406 3780 535 3847 adhoc
552 3787 688 3845 vocatus
710 3797 777 3844 non
796 3780 932 3862 venerit,
953 3780 1001 3845 sic
1022 3787 1135 3845 tamen
1158 3787 1195 3846 vt
1218 3799 1287 3846 non

182 3885 322 3969 propriis
337 3886 396 3951 sed
410 3884 508 3968 regiis
527 3882 701 3967 stipendiis
721 3881 850 3964 militet,
864 3894 899 3950 et
916 3884 1087 3950 euidenter
1099 3881 1286 3949 absentiam

181 4007 277 4054 suam
299 4007 367 4053 non
388 3987 604 4062 excusauerit,
621 4005 681 4052 nec
703 3986 746 4050 ab
768 3985 833 4052 hiis
850 3986 1037 4054 venditores
1052 3986 1288 4071 temperabunt

182 4099 234 4156 set
264 4089 338 4156 solo
366 4099 540 4157 contentus
569 4109 656 4175 equo
685 4098 821 4174 propter
850 4089 967 4156 militie
996 4090 1194 4174 dignitatem
1224 4088 1287 4155 sibi
1300 4108 1331 4158 ss

218 4341 404 4400 abiisonrdl
475 4340 695 4410 71inereonr.c
748 4338 989 4413 rosolilenimC
1032 4341 1290 4410 rsVrctunlibusC

185 4415 218 4474 18
229 4411 351 4487 luerent]
363 4413 468 4472 suutC
531 4426 566 4470 22
584 4410 798 4485 vnuslvsusN
857 4414 1112 4485 mosten'rssnon
1124 4414 1218 4471 ΜΚ
