3360 5172
386 373 429 440 92
753 353 821 422 DE
844 351 1119 424 SCACCARIO
1355 351 1386 440 [1
1400 353 1445 421 vii
1461 367 1488 420 u

386 527 512 593 dictum
535 523 705 592 ostiarium
727 523 955 592 liberationem
977 522 1148 610 percipere
1168 541 1246 590 cum
1268 521 1342 589 aliis
1363 523 1489 590 officia-

387 627 487 706 libus,
509 639 544 696 et
565 629 643 696 ideo
668 629 787 696 merito
809 627 947 714 requiris
968 627 1051 713 quid
1077 625 1120 694 sit
1144 627 1216 694 eius
1237 625 1394 693 officium.
1424 627 1491 694 Est

388 742 499 800 autem
521 731 721 798 huiusmodi.

434 831 568 900 Ostium
585 832 706 899 domus
724 829 813 898 illius
833 829 868 896 in
887 849 956 918 qua
974 829 1173 898 scaccarium
1190 828 1315 896 residet
1336 830 1490 896 ostiarius

360 935 447 1008 sine
466 935 559 1003 solus
572 935 643 1002 sine
658 945 811 1002 consorte
828 933 984 1018 custodit,
1001 933 1063 1000 nisi
1078 954 1156 1000 cum
1174 934 1220 1001 de
1237 935 1341 1001 domo
1357 935 1491 1022 propria

390 1039 572 1106 seruientes
595 1039 733 1106 assumit
756 1037 790 1105 in
811 1059 895 1106 onus
923 1037 1023 1104 officii
1045 1037 1104 1106 sui
1147 1037 1393 1106 Nichilominus
1414 1058 1488 1105 cus·

392 1143 481 1209 todit
507 1143 597 1210 idem
621 1143 745 1211 ostium
770 1141 909 1210 thalami
931 1151 1132 1210 secretorum
1153 1143 1211 1229 qui
1233 1141 1414 1210 collocatus
1439 1151 1490 1208 est

391 1245 489 1314 iuxta
516 1247 655 1313 domum
683 1247 741 1314 vbi
770 1247 971 1314 scaccarium
1000 1257 1060 1315 est.
1118 1244 1178 1312 Ad
1207 1245 1295 1313 hunc
1331 1247 1491 1313 accedunt

356 1351 534 1417 rhenones
559 1369 636 1416 cum
660 1351 858 1436 proponitur
883 1351 931 1418 eis
952 1353 1091 1418 verbum
1114 1350 1308 1436 ambiguum
1334 1350 1379 1415 ad
1402 1369 1491 1416 scac-

347 1481 379 1521 ro
392 1455 517 1521 carium
539 1454 670 1539 dequo
692 1453 821 1521 malunt
842 1475 991 1522 seorsum
1011 1465 1155 1523 tractm
1176 1474 1278 1539 quam
1301 1455 1335 1519 in
1357 1454 1491 1520 auribus

394 1559 556 1626 omnium.
601 1557 754 1624 Maxime
768 1568 880 1627 autem
899 1569 1035 1646 propter
1049 1559 1113 1628 hoc
1127 1557 1161 1624 in
1180 1567 1310 1644 partem
1324 1559 1492 1638 secedunt,

395 1683 439 1730 ue
460 1663 609 1748 compoti
630 1663 688 1747 qui
710 1663 754 1729 ad
777 1664 976 1730 scaccarium
998 1662 1084 1730 fiunt
1104 1663 1352 1749 impediantur;
1372 1663 1492 1748 qurbus

398 1786 526 1834 moram
552 1765 747 1834 iacientibus
773 1765 808 1831 in
840 1765 986 1834 consiliis
1007 1777 1185 1835 consuetus
1213 1786 1329 1834 cursus
1357 1787 1493 1850 compo·

396 1879 506 1937 torum
516 1869 635 1955 agitur.
680 1867 718 1936 Si
729 1870 809 1954 quid
820 1891 898 1937 vero
908 1881 1023 1937 natum
1036 1871 1134 1939 inerit
1144 1871 1325 1958 questionis
1335 1869 1493 1937 reseretur

349 1999 381 2053 ¹5
395 1974 440 2039 ad
454 1995 523 2070 eos.
568 1973 727 2039 Liberum
747 1974 848 2040 etiam
867 1984 918 2042 est
937 1976 1074 2044 ostiario
1092 1986 1128 2042 ut
1148 1976 1350 2062 quibuslibet
1372 1994 1493 2060 magne

396 2077 605 2145 auctoritatis
621 2076 701 2144 viris
719 2079 764 2144 ad
782 2075 847 2145 hoc
865 2100 950 2165 opus
969 2101 1037 2146 non
1055 2079 1246 2148 necmsariis
1265 2081 1401 2164 impune
1421 2098 1493 2164 pre·

395 2180 512 2248 cludat
533 2180 661 2248 aditum
684 2201 761 2247 cum
782 2181 944 2262 voluerit;
974 2184 1052 2250 solis
1075 2205 1152 2252 vero
1174 2184 1237 2250 hiis
1262 2185 1319 2269 qui
1337 2185 1381 2250 ad
1404 2201 1493 2250 scac-

401 2286 527 2352 carium
542 2305 587 2350 ex
601 2284 711 2351 officio
724 2283 837 2351 velex
852 2287 937 2371 regis
952 2289 1110 2356 mandato
1123 2287 1276 2371 resident,
1289 2287 1495 2355 voluntarius

400 2397 497 2476 patet
508 2389 675 2474 ingressus
684 2389 717 2453 in
726 2397 903 2474 utrumque
914 2389 1107 2460 thalamum.
1159 2391 1261 2478 Quod
1272 2391 1300 2459 si
1311 2391 1496 2458 auctentice

351 2523 383 2562 so
401 2502 478 2559 sunt
497 2512 645 2578 persone,
660 2515 744 2578 quas
764 2493 973 2579 singulariter
994 2497 1145 2563 incedere
1166 2515 1234 2564 non
1256 2506 1307 2562 est
1329 2495 1496 2575 idoneum,

362 2587 364 2594 ’
395 2619 441 2664 vn
447 2618 503 2663 um
518 2595 571 2663 vel
584 2600 670 2664 duos
689 2599 895 2665 introducere
912 2609 1069 2686 poterunt
1083 2601 1118 2666 in
1136 2600 1336 2667 exteriorem
1356 2600 1495 2666 domum

398 2702 570 2780 scaccarii;
599 2703 656 2768 sed
687 2703 722 2767 in
744 2701 930 2770 thalamum
960 2714 1162 2771 secretorum
1191 2704 1253 2770 soli
1279 2704 1419 2770 maiores
1448 2703 1495 2768 in·

400 2814 549 2890 troeunt,
569 2805 688 2873 ceteris
702 2805 846 2873 errclusis
861 2808 924 2874 nisi
939 2830 1016 2874 cum
1030 2809 1074 2876 ad
1088 2808 1236 2894 quelibet
1258 2808 1349 2893 regia
1363 2807 1498 2893 negotia

401 2909 568 2994 explenda
592 2931 614 2976 a
635 2909 778 2977 dominis
804 2911 872 2978 suis
896 2924 1066 2981 vocantur.
1112 2912 1200 2978 Item
1221 2911 1374 2978 ostiarius
1394 2911 1498 2978 saetas
1617 2907 1618 2910 ’

353 3040 384 3094 ²5
403 3014 678 3081 summonitiones
707 3024 742 3081 et
770 3015 916 3099 signatas
944 3037 967 3081 a
996 3015 1190 3083 marescallo
1219 3015 1366 3100 suscipit,
1387 3014 1498 3081 soluto

401 3119 567 3186 scaccario
581 3117 667 3184 illius
678 3118 822 3200 termini,
832 3128 867 3185 et
877 3119 912 3184 in
927 3119 1061 3204 propria
1072 3139 1212 3205 persona
1223 3118 1276 3185 vel
1292 3140 1351 3204 per
1364 3115 1497 3184 fidelem

398 3223 555 3288 nuncium
566 3243 627 3308 per
640 3221 812 3309 Angliam,
823 3225 908 3290 sicut
922 3224 1149 3308 supradictum
1164 3233 1226 3304 ert,
1237 3221 1372 3288 easdem
1382 3219 1499 3287 desert.

402 3325 467 3392 Hic
482 3327 583 3394 etiam
600 3349 644 3393 ex
664 3328 825 3394 mandato
842 3327 1040 3412 presidentis
1060 3336 1222 3393 conuocat
1240 3326 1274 3391 in
1294 3325 1498 3410 presentiam

400 3429 470 3495 eius
490 3429 701 3497 vicecomites
722 3431 781 3515 qui
802 3442 900 3497 extra
924 3431 1062 3497 domum
1084 3429 1339 3514 circumquaque
1361 3425 1499 3512 dispersi

354 3560 387 3612 50
403 3540 481 3598 sunt
502 3553 577 3598 cum
599 3535 777 3618 indiguerit
798 3533 873 3599 illis.
919 3534 1006 3601 Item
1029 3535 1073 3599 ad
1098 3533 1188 3601 hunc
1209 3535 1352 3618 pertinet
1375 3543 1413 3598 vt
1434 3531 1501 3597 sol·

401 3635 513 3702 licitus
534 3637 579 3702 sit
604 3637 692 3704 circa
713 3639 842 3706 minuta
866 3637 1015 3724 quelibet
1041 3637 1310 3720 necessariaque
1336 3637 1371 3701 in
1397 3635 1500 3704 domo

402 3740 556 3807 scaccarii
585 3750 672 3819 sunt,
697 3739 789 3808 velut
818 3743 861 3807 ad
887 3742 1064 3809 sternenda
1093 3749 1128 3834 et
1152 3741 1360 3827 preparanda
1385 3739 1501 3806 sedilia

401 3841 490 3910 circa
507 3845 706 3910 scaccarium
721 3854 756 3912 et
769 3845 973 3913 huiusmodi.
1014 3845 1076 3911 Ex
1093 3845 1260 3932 predictis,
1274 3853 1311 3910 vt
1325 3843 1500 3926 credimus,

401 3946 445 4013 de
459 3946 575 4014 officiis
593 3948 742 4014 omnium
756 3947 814 4033 qui
828 3949 872 4015 ad
892 3949 1093 4016 scaccarium
1111 3949 1255 4018 resident
1273 3947 1335 4016 tubi
1350 3955 1502 4014 constare

439 4175 451 4219 t
472 4161 668 4219 officiabilrbus
680 4161 709 4218 R
773 4174 788 4234 5
807 4159 954 4232 dedomo]
967 4160 1053 4218 demo
1066 4159 1103 4216 N
1159 4161 1176 4216 8
1195 4159 1347 4232 accedunt]
1360 4160 1465 4217 cedunt
1478 4159 1503 4218 C

404 4246 437 4302 14
450 4232 608 4317 ruennc
668 4231 857 4317 16‘ad1abR
920 4233 953 4291 18
969 4233 1277 4316 porterimmmc·
1340 4232 1470 4315 resident
1479 4232 1503 4288 C

401 4302 579 4435 {3:1ng
631 4306 790 4364 'aosth
849 4303 1044 4362 aoetomdl'
1101 4304 1297 4374 adpresentta
1396 4303 1501 4374 34ubr
