3360 5172
192 399 222 451 11
238 385 286 450 xri
302 379 341 477 c]
563 384 630 449 ns
654 359 928 452 scnccnmo
1234 395 1291 470 143

192 579 272 644 ergo
294 566 426 642 spectat
447 565 623 642 compotus
648 559 875 624 communium
898 560 943 625 ad
964 578 1064 643 quern
1086 555 1195 624 solum
1218 578 1292 641 per·

191 665 274 729 tinet
300 661 451 728 cohercio
476 662 703 745 singulorum;
731 672 773 742 et,
796 663 853 746 qui
879 663 1064 728 vicecomes
1090 661 1187 727 suerit
1212 663 1293 727 dum

191 773 369 849 compotus
386 765 434 842 fit,
455 765 509 830 vel
519 766 650 849 quietus
663 764 717 830 vel
731 766 765 830 in
780 766 894 832 debito
904 765 968 831 hac
980 765 1108 830 ratione
1122 765 1292 831 scribetur.

234 867 431 951 Discipulus.
475 868 590 932 Teneo
605 869 795 933 memoriter
810 869 890 953 quid
905 869 974 934 fieri
990 869 1112 936 debeat
1126 889 1203 935 cum
1218 871 1293 953 quis

191 991 291 1056 super
305 971 419 1055 aliquo
440 971 554 1037 debito
568 973 792 1038 summonitus
813 974 913 1039 breue
928 972 1014 1057 regis
1032 972 1186 1038 detulerit
1201 974 1291 1055 quod
1306 995 1321 1058 5

191 1096 366 1144 numerum
382 1076 439 1159 qui
456 1076 632 1159 requiritur
648 1078 827 1160 exprimat.
887 1077 989 1162 Quod
1009 1077 1038 1140 si
1058 1077 1145 1162 regis
1165 1086 1291 1142 cartam

192 1184 236 1249 de
251 1181 434 1267 quietantia
449 1201 558 1246 rerum
573 1181 721 1246 eiusdem
736 1181 866 1265 generis
880 1184 924 1246 ad
939 1181 1140 1247 scaccarium
1156 1181 1292 1261 deierat,

122 1311 126 1320 ·
191 1296 229 1352 vt
258 1286 305 1350 sic
326 1285 454 1351 dicatur
477 1285 585 1350 ‘Volo
607 1285 706 1370 igitur
728 1295 766 1350 vt
787 1285 848 1351 hec
870 1286 981 1350 omnia
1004 1293 1116 1350 teneat
1138 1284 1238 1351 libere
1258 1295 1292 1352 et

192 1389 304 1472 quiete
319 1387 362 1451 de
379 1385 507 1470 placitis
529 1397 563 1453 et
581 1389 723 1454 murdris
743 1398 778 1454 et
797 1389 861 1453 hiis
883 1397 918 1453 et
937 1384 1018 1466 hiis‚'
1035 1399 1069 1454 et
1089 1388 1291 1468 huiusmodi,

192 1491 352 1575 numquid
368 1491 401 1555 in
416 1492 571 1574 perdonis
586 1492 675 1557 erit?
1307 1513 1338 1553 ιο

235 1597 413 1680 Magister.
458 1596 533 1661 Erit
555 1617 591 1660 re
612 1615 712 1672 vera3
730 1596 789 1661 sed
813 1616 879 1661 non
902 1597 1029 1662 dicetur
1052 1595 1113 1661 ‘Iu
1135 1597 1292 1682 perdonis

192 1720 255 1786 per
273 1709 399 1768 cartam
418 1697 522 1784 regis’
545 1697 599 1764 vel
619 1702 698 1784 ‘per
719 1698 905 1765 libertatem
928 1711 1017 1766 oarte
1034 1701 1098 1776 hoc
1119 1699 1172 1765 vel
1190 1699 1290 1778 illud,²

192 1806 296 1871 immo
311 1810 390 1889 ‘per
405 1803 505 1868 breue
520 1801 627 1888 regis.’
671 1803 771 1888 Quod
790 1805 818 1869 si
833 1813 925 1869 carta
941 1805 1078 1888 quidem
1098 1824 1165 1870 non
1184 1805 1291 1889 speci·

192 1907 295 1973 ficans
319 1909 367 1973 sic
390 1909 558 1974 contineat
581 1907 706 1973 ‘libere
731 1917 766 1974 et
795 1908 906 1991 quiete
930 1908 975 1974 ab
1000 1908 1090 1974 omni
1115 1910 1291 1974 exactione

192 2021 227 2078 et
246 2011 383 2078 seculari
401 2011 537 2077 seruitio
557 2012 707 2096 predicta
726 2009 914 2096 possideat,¹
932 2031 1001 2077 non
1022 2020 1136 2077 tamen
1155 2012 1198 2077 ab
1218 2011 1290 2096 hiis,
1306 2037 1336 2091 15

192 2135 257 2199 que
275 2117 492 2199 requiruntur,
512 2103 571 2199 per
588 2116 653 2181 hoc
672 2115 804 2199 quietus
822 2115 892 2192 erit,
910 2113 963 2180 vel
983 2115 1018 2179 in
1037 2115 1194 2200 perdonis
1213 2117 1290 2182 scri-

191 2217 308 2297 betur3
331 2218 448 2284 nolunt
469 2219 558 2283 enim
578 2219 634 2302 qui
655 2219 810 2296 assident,
831 2219 965 2302 speciali
983 2220 1096 2285 debito
1115 2239 1174 2304 per
1190 2227 1326 2304 gene-C

191 2321 294 2387 ralem
309 2323 552 2390 absolutionem
568 2322 731 2406 derogari.

233 2425 433 2509 Discipulus.
479 2427 668 2492 Perniciosa
685 2426 766 2492 satis
781 2435 832 2493 est
846 2427 910 2492 ista
924 2426 1109 2506 subtilitas;
1131 2427 1188 2511 qui
1202 2429 1289 2494 euim

192 2533 402 2616 ageneribus
420 2530 624 2614 singulorum
640 2529 724 2596 liber
742 2539 802 2610 est,
817 2533 918 2596 etiam
936 2551 957 2595 a
976 2530 1114 2615 singulis
1133 2550 1291 2616 generum
1305 2555 1337 2594 ιο

189 2643 339 2705 meretur
353 2633 492 2700 absolui.

235 2739 413 2822 Magister.
456 2737 584 2805 Verum
599 2748 650 2805 est
665 2739 755 2822 quod
769 2738 853 2805 dicis
872 2759 980 2822 neque
994 2759 1055 2804 nos
1069 2738 1290 2806 dissentimus.

195 2841 256 2908 Set
278 2854 391 2909 tamen
413 2842 494 2927 quid
517 2841 576 2907 fiat
598 2843 748 2922 dicimus,
767 2863 835 2908 nou
857 2842 939 2926 quid
960 2843 1046 2909 forte
1067 2843 1137 2909 fieri
1159 2843 1290 2909 debeat.

194 2947 303 3032 Igitur
327 2965 403 3010 cum
429 2947 473 3011 de
501 2946 655 3012 omnibus
684 2945 747 3012 hiis
777 2965 844 3029 que
873 2946 907 3011 in
934 2948 1189 3013 summonitione
1213 2967 1290 3012 con-

192 3051 338 3116 tinentur
367 3048 420 3113 vel
454 3068 514 3132 per
546 3056 753 3114 numeratam
790 3049 974 3132 pecuniam,
1004 3049 1058 3115 vel
1091 3071 1151 3134 per
1178 3051 1290 3116 breuia
1305 3069 1336 3122 ²5

192 3152 289 3235 regis,
320 3151 526 3219 satisfactum
559 3150 665 3226 suerit,
698 3151 761 3217 hac
794 3150 868 3234 lege
902 3153 1063 3238 scripture
1092 3174 1157 3237 que
1189 3173 1291 3236 supra

191 3257 282 3323 dicta
307 3264 357 3322 est
380 3277 511 3340 semper
532 3256 692 3322 utendum
717 3265 776 3320 est.
820 3255 946 3322 Verum
969 3277 1045 3322 cum
1069 3277 1135 3322 non
1156 3256 1291 3323 soluerit

191 3362 310 3448 aliquis
340 3362 538 3439 uniuersum,
572 3361 662 3444 quod
692 3361 736 3425 ab
765 3361 839 3444 ipso
868 3361 1052 3444 requiritur,
1080 3371 1133 3426 set
1160 3371 1290 3446 partem

193 3473 264 3539 eius
282 3469 334 3537 vel
357 3471 443 3536 forte
465 3467 557 3544 nihil,
580 3487 680 3533 causa
701 3470 816 3534 statim
838 3488 859 3532 a
879 3468 1074 3533 vicecomite
1096 3467 1291 3551 requirenda

192 3584 254 3657 est,
284 3593 343 3640 cur
377 3573 406 3638 is
442 3570 604 3637 soluendo
633 3590 700 3636 non
735 3571 843 3636 luerit.
891 3569 992 3654 Quod
1025 3570 1053 3637 si
1084 3571 1291 3653 responderit
1304 3585 1337 3636 ³0

191 3679 375 3743 vicecomes
403 3675 551 3759 quesisse
576 3695 613 3739 se
641 3672 817 3758 diligenter
842 3675 913 3740 eius
937 3676 1069 3759 dequo
1095 3676 1204 3759 agitur
1229 3687 1291 3740 ne'c

192 3781 312 3849 catalla
337 3781 484 3845 inuenire
506 3777 663 3862 potuisse,
688 3777 806 3843 inferet
829 3777 1062 3857 thesaurarius,
1082 3779 1195 3845 ‘Caue
1220 3780 1292 3862 tibi,

119 3936 120 3939 η
192 3907 272 3952 nam
294 3885 391 3950 huius
414 3883 460 3949 rei
483 3880 593 3958 fidem,
608 3881 734 3947 scilicet
756 3883 904 3965 quesisse
927 3893 962 3949 te
984 3902 1045 3948 nec
1068 3882 1213 3948 inuenire
1232 3901 1292 3966 po-

192 3990 296 4055 tuisse
318 4008 378 4071 per
397 3987 488 4071 quod
511 3984 663 4052 satisfieri
685 3995 808 4069 posset,
826 3984 892 4050 fide
915 3983 1127 4070 corporaliter
1152 3987 1291 4072 prestita

121 4159 126 4170 ,
193 4089 425 4156 confirmabis'
453 4111 521 4174 quo
550 4090 773 4173 respondente
795 4089 929 4154 ‘Presto
953 4086 1048 4154 sum'
1075 4091 1109 4154 in
1137 4110 1290 4156 consum·
1304 4103 1336 4157 st

195 4204 324 4259 matum
343 4203 537 4279 compotum
554 4192 631 4259 fidei
646 4191 811 4276 susceptio
826 4191 995 4258 differetur
1007 4200 1045 4257 vt
1058 4212 1159 4278 super
1178 4194 1304 4262 multis⁴

230 4343 320 4430 aqui]
333 4345 400 4418 quia
412 4345 445 4431 C·
494 4343 787 4490 ppostquietusadd
801 4313 884 4426 estd'
936 4357 967 4401 ιι
987 4342 1049 4414 sed]
1063 4345 1132 4432 ⁵³⁶.
1180 4345 1290 4431 toque]

180 4418 290 4491 qurN
356 4425 493 4475 noenum
520 4416 620 4473 etNR
689 4413 946 4487 27cumJemmC
1025 4416 1244 4487 34satrfienR
