3290 5134
362 372 404 437 60
730 363 798 432 DE
821 359 1094 432 SCACCARIO
1261 356 1300 441 [ι.
1316 367 1459 422 mom

332 551 339 564 ‘
362 539 595 612 communibus
615 535 801 604 necessario
819 535 980 601 utendum
1000 541 1052 599 est
1064 530 1174 598 verbis
1191 537 1228 596 nt
1247 529 1312 594 sint
1327 526 1460 612 cognati

362 665 532 714 sermones
558 641 654 708 rebus
683 641 726 706 de
755 638 875 724 quibus
904 637 1079 722 loquimur.
1123 635 1277 701 Preterea
1305 629 1459 715 quamuis

363 750 559 838 plerumque
575 767 662 812 noua
679 744 777 812 liceat
791 741 926 808 nemim
940 739 1072 824 fingere,
1087 759 1169 823 rogo
1183 746 1294 802 tamen
1309 736 1336 800 si
1352 733 1462 820 placet

362 865 399 920 vt
413 852 543 920 usitatis
562 871 671 916 rerum
692 849 839 933 ipsamm
853 844 1033 924 vocubulis,
1047 864 1113 928 que
1131 843 1175 908 ad
1195 840 1353 925 placitum
1373 847 1463 918 sunt,

334 953 411 1040 auti
441 955 674 1042 non'pudeat,
703 973 765 1018 nec
793 969 882 1018 noua
909 948 1085 1016 difficultas
1114 967 1159 1013 ex
1187 944 1324 1012 insolitis
1351 945 1462 1011 verbis

363 1063 483 1131 oborta
497 1058 640 1145 amplius
657 1053 846 1143 perturbet!
891 1053 981 1119 Tum
998 1073 1071 1138 ego,
1087 1050 1202 1118 ‘Sensi
1218 1059 1253 1116 te
1267 1050 1396 1126 iratum,
1412 1057 1463 1114 set

363 1163 570 1250 animequior
583 1171 676 1242 est03
699 1159 818 1226 faciam
834 1157 924 1241 quud
938 1155 1090 1223 hortaris.
1128 1152 1276 1240 surgens
1291 1172 1370 1237 ergo
1384 1152 1464 1218 sede

363 1291 410 1338 ex
435 1269 578 1336 aduerso
605 1274 640 1332 et
661 1267 704 1331 de
725 1263 790 1330 hiis
811 1262 869 1346 qui
890 1272 925 1328 te
947 1261 1121 1328 offendunt
1142 1259 1318 1341 interroga.
1362 1253 1464 1340 Quod

365 1375 475 1459 siquid
487 1372 673 1439 inauditum
684 1368 895 1455 proposueris
911 1385 978 1431 non
993 1363 1150 1430 erubesco
1165 1363 1274 1428 dicere
1289 1363 1306 1394 ‘⁸
1317 1358 1464 1440 Nescio,”

323 1487 418 1546 roset
447 1475 685 1544 conueniamus
714 1471 816 1540 ambo
845 1467 1070 1537 discretiores!
1116 1467 1162 1533 Et
1192 1466 1257 1543 ille,
1280 1463 1360 1530 ‘Ad
1385 1471 1466 1528 vota

369 1582 560 1668 respondes.
615 1577 710 1642 Licet
738 1583 851 1641 autem
880 1573 986 1655 turpis
1014 1580 1050 1637 et
1079 1570 1216 1636 ridicula
1245 1589 1297 1634 res
1326 1569 1369 1634 sit
1399 1567 1465 1634 ele-

367 1684 550 1752 mentarius
572 1700 687 1754 senex,
708 1675 752 1741 ab
773 1675 857 1761 ipsis
878 1683 991 1740 tamen
1015 1673 1185 1739 elementis
1207 1671 1380 1758 incipiam!

328 1765 353 1893 A}
409 1783 607 1870 Dr'scabulus.
652 1779 744 1862 Quid
759 1787 809 1842 est
824 1777 1047 1842 scaccarium?

409 1889 583 1974 Magister.
621 1880 827 1950 Scaccarium
843 1878 961 1945 tabula
973 1877 1203 1965 quadrangula
1218 1888 1268 1944 est
1282 1899 1348 1962 que
1361 1877 1466 1964 longi-

325 2021 353 2072 ιε
367 1993 493 2061 tudinis
519 1986 614 2072 quasi
640 2006 676 2050 x.
699 1985 833 2067 pedum,
854 1982 1037 2048 latitudinis
1065 2004 1098 2046 v.
1120 1983 1164 2047 ad
1187 1983 1324 2047 modum
1354 2003 1467 2048 mense

342 2115 345 2122 ·
366 2087 679 2164 circumsedentibus
689 2087 845 2172 apposita
854 2086 1000 2170 undique
1010 2085 1114 2150 babet
1127 2084 1268 2150 limbum
1283 2085 1467 2150 altitudime

366 2194 463 2282 quasi
483 2191 537 2257 iiii.
559 2189 739 2274 digitorum
762 2207 804 2253 ne
827 2189 909 2272 quid
930 2187 1120 2274 appositum
1145 2189 1290 2254 excidat.
1344 2186 1466 2270 Super-

367 2297 500 2382 ponitur
528 2303 641 2358 autem
675 2293 840 2359 scaccario
873 2285 1065 2380 [superiori]
1098 2310 1226 2377 pannus
1258 2292 1293 2356 in
1325 2291 1467 2356 termino

367 2401 469 2465 Pasce
495 2405 638 2480 emptus,
661 2415 727 2462 non
757 2395 908 2481 quilibet,
936 2396 996 2462 sed
1028 2396 1122 2478 niger
1149 2395 1251 2478 virgis
1282 2393 1466 2474 distinctus,

322 2531 354 2567 to
367 2499 565 2566 distantibus
584 2519 605 2564 a
624 2519 661 2565 sc
674 2499 775 2585 virgis
791 2498 844 2566 vel
866 2499 961 2583 pedis
984 2497 1038 2565 vel
1060 2498 1171 2583 palme
1193 2508 1330 2565 extente
1348 2499 1467 2584 spatio.

367 2603 407 2668 ln
427 2601 544 2686 spatiis
562 2612 675 2669 autem
695 2601 812 2670 calculi
832 2603 916 2669 fiunt
933 2605 1030 2669 iuxta
1050 2603 1181 2667 ordines
1195 2621 1274 2669 suos
1288 2603 1332 2668 de
1346 2603 1467 2688 quibus

365 2705 447 2772 alias
460 2706 599 2772 dicetur.
642 2705 738 2773 Licet
757 2715 870 2772 autem
889 2707 1004 2774 tabula
1024 2706 1098 2774 ulis
1118 2707 1314 2773 scaccarium
1330 2707 1467 2785 dicatur,

364 2809 579 2874 transumitur
598 2819 711 2876 tamen
733 2809 798 2876 hoc
819 2830 943 2876 nomen
964 2820 1001 2876 vt
1027 2811 1100 2897 ipsa
1124 2829 1258 2896 quoque
1281 2812 1468 2895 curiaque

366 2913 565 2978 consedente
574 2914 739 2978 scaccario
758 2923 820 2990 est,
834 2915 1037 2980 scaccarium
1051 2913 1191 2994 dicatur,
1202 2916 1288 2980 adeo
1302 2923 1341 2980 ut
1355 2915 1468 2999 siquis

324 3037 352 3089 ²5
366 3033 426 3095 per
445 3016 646 3080 sententiam
666 3015 790 3100 aliquid
811 3016 1003 3094 obtinuerit,
1017 3017 1071 3082 vel
1091 3017 1216 3102 aliquid
1236 3020 1280 3084 de
1299 3018 1468 3084 communi

367 3117 502 3184 consilio
524 3117 622 3184 fuerit
646 3120 874 3199 constitutum,
898 3120 1027 3186 dicatur
1052 3118 1177 3188 iactum
1201 3123 1245 3187 ad
1268 3123 1468 3188 scaccarium

366 3217 453 3283 illius
473 3218 526 3286 vel
546 3221 633 3286 illius
654 3223 741 3289 anni.
785 3221 884 3306 Quod
909 3233 1022 3290 autem
1049 3223 1149 3291 hodie
1171 3225 1292 3292 dicitur
1313 3227 1357 3290 ad
1379 3245 1468 3292 scac-

367 3319 490 3386 carium
505 3322 585 3387 olim
600 3324 771 3390 dicebatur
785 3328 829 3391 ad
845 3327 960 3392 taleas.
1253 3412 1256 3418 1

409 3421 604 3508 Dircipalur.
650 3427 727 3510 Que
740 3439 791 3494 est
805 3431 891 3496 ratio
908 3431 1008 3496 huius
1021 3431 1186 3497 nominis?

323 3556 354 3606 30
409 3525 583 3609 Magister.
628 3529 731 3596 Nulla
751 3533 831 3597 mihi
851 3533 958 3599 verior
979 3535 1023 3602 ad
1047 3555 1183 3619 presens
1205 3537 1349 3603 occurrit
1365 3555 1468 3620 quam

367 3629 446 3714 quia
460 3630 611 3696 scaccarii
625 3629 729 3698 lusilis
743 3634 886 3701 similem
900 3637 1003 3702 habet
1017 3637 1167 3704 sormam.

409 3733 606 3819 Dircrbulus.
656 3737 828 3823 Numquid
859 3740 1069 3825 antiquorum
1099 3743 1277 3828 pmdentia
1304 3761 1367 3827 pro
1396 3741 1469 3809 sola

367 3840 473 3906 forma
494 3839 542 3906 sic
563 3841 764 3909 nominavit?
809 3843 897 3910 Cum
917 3856 952 3912 et
970 3845 1070 3912 simili
1090 3847 1219 3912 ratione
1239 3856 1351 3932 posset
1369 3847 1468 3912 tabu·

369 3944 485 4011 larium
500 3943 668 4030 appellari.

407 4080 557 4154 rsint]sit
570 4083 620 4141 CR
678 4084 1040 4168 3nominaliceetnouaC
1095 4087 1475 4159 snechm.R:neCN

370 4154 726 4310 iiacegiririrlrdiliacnagtuulraff
738 4158 936 4312 nriririiiillll'm
948 4155 1292 4312 118Μιξοιιιιίῗιιιιῖιίὃῗςιξιοιί
1301 4157 1470 4300 aliquia-21⁹.

369 4297 429 4353 NR
520 4298 555 4354 26
568 4297 766 4368 consumtum]
776 4300 979 4356 rustrtutumN
1065 4312 1099 4367 27
1116 4299 1293 4356 droturadd
1308 4299 1333 4355 C
1341 4300 1379 4355 al.
1393 4315 1468 4355 man.

372 4385 414 4440 30,
425 4383 456 4440 31
468 4368 621 4442 Magister.
631 4409 655 4428 ..
665 4369 856 4427 immamodd
866 4370 1010 4444 N'marg.
1063 4385 1100 4442 30
1110 4369 1231 4428 occurrit
1241 4371 1278 4428 od
1287 4387 1402 4443 presens
1413 4371 1438 4428 C
