3360 5172
400 383 465 470 15⁶
768 379 836 448 ne
859 375 1133 448 scnccnnro
1344 371 1393 470 [11
1407 381 1511 448 urus

400 554 527 621 Debita
552 571 698 637 namque
723 551 800 618 filiis
825 551 953 618 ratione
972 550 1187 618 successionis
1213 549 1381 618 hereditas
1402 571 1464 618 eos
1484 573 1506 617 a

399 659 474 744 lege
487 666 609 742 sponte
622 653 813 722 oblatorum
828 655 960 722 videtur
974 655 1164 723 excludere.

314 783 388 828 xxv
447 763 532 828 Item
554 760 594 827 fit
615 759 782 826 interdum
803 769 841 826 vt
862 779 942 826 aues
963 759 1051 844 regie
1074 759 1143 844 regi
1164 758 1313 844 qualibet
1336 779 1382 824 ex
1403 777 1508 824 causa

399 867 659 951 promittantur3
695 863 869 950 accipitres
896 861 1021 928 scilicet
1047 863 1099 928 vel
1129 861 1284 930 ialeoner.
1341 862 1448 948 Quod
1477 863 1507 927 si

371 971 596 1056 rpromittens
614 967 838 1034 determinans
859 967 990 1048 dixerit,
1006 964 1216 1052 ‘accipitrem
1236 967 1389 1050 instantis
1406 963 1506 1031 anni’

400 1075 453 1142 vel
474 1071 677 1152 ‘mutatum’
698 1071 752 1138 vel
774 1069 884 1138 locum
905 1071 1007 1138 etiam
1028 1071 1198 1155 exprimat
1218 1071 1341 1150 dicens,
1363 1069 1507 1137 ‘Erben-

400 1197 546 1257 nensem,
559 1177 814 1261 Hispanensem
828 1175 1029 1241 Norrensem
1049 1171 1157 1254 daho,’
1171 1175 1219 1240 sie
1236 1174 1428 1242 satisfaciat.
1468 1173 1507 1240 Si

399 1301 480 1348 vero
498 1301 559 1347 nec
578 1280 635 1364 qui
653 1279 827 1367 promittit,
841 1298 902 1345 nec
921 1279 974 1346 eui
993 1279 1209 1366 promittitur,
1224 1278 1506 1358 determinauerit,

248 1463 253 1474 ²
401 1385 434 1450 in
457 1384 591 1452 arbitrio
612 1381 833 1469 promittentis
854 1383 917 1449 erit
938 1381 966 1447 sl
989 1391 1167 1462 mutatum,
1180 1381 1233 1448 vel
1256 1401 1332 1462 non,
1350 1382 1394 1448 sit
1415 1381 1506 1447 soln-

357 1511 390 1550 re
401 1500 505 1556 turus.
543 1487 604 1555 Set
618 1488 646 1553 si
660 1488 790 1572 integer
804 1495 838 1552 et
852 1507 952 1553 sanus
966 1506 987 1552 a
1002 1485 1098 1572 regiis
1111 1485 1318 1552 austurcarils
1334 1484 1506 1564 iudicetur,

401 1608 598 1677 quacunque
622 1591 778 1660 exclusus
802 1589 908 1668 fuerit,
931 1591 1137 1675 suscipietur.
1183 1589 1286 1688 Porro
1306 1587 1334 1654 sl
1355 1607 1506 1655 summo-

402 1697 492 1763 nitus
512 1696 648 1784 dignum
672 1695 794 1779 suscipi
813 1695 856 1761 ad
874 1694 1075 1761 scaccarium
1097 1691 1252 1761 detulerit
1274 1711 1335 1758 nec
1359 1693 1404 1758 sit
1429 1703 1505 1758 tum

402 1801 459 1886 qul
478 1800 644 1884 suscipiat,
658 1799 759 1866 etiam
780 1800 807 1864 si
827 1799 986 1882 posthoc
1005 1798 1039 1862 in
1056 1817 1180 1863 annum
1195 1797 1249 1863 vel
1265 1796 1436 1866 biennium
1450 1793 1505 1862 vel

402 1904 545 1989 amplius
560 1901 729 1968 differatur
738 1901 962 1982 summonitio,
972 1901 1034 1966 nisi
1048 1921 1149 1986 quem
1164 1901 1324 1979 maluerit,
1335 1909 1503 1966 mutatum

359 2030 389 2083 1⁵
403 2007 528 2073 scilicet
541 2007 594 2074 vel
610 2025 740 2085 omum,
752 2005 882 2072 soluere
901 2024 969 2070 non
989 2013 1136 2090 cogetur.
1182 2003 1333 2089 Quodsi
1355 2023 1504 2070 summo-

402 2110 491 2188 nitus
512 2109 710 2177 solutionem
732 2107 855 2175 dill‘erri
876 2109 1128 2193 quomodolibet
1149 2108 1383 2193 procurauerit,
1406 2108 1505 2174 iuxta

402 2233 574 2279 numerum
598 2233 758 2278 annornm
783 2213 901 2296 quihus
922 2212 1051 2280 indulta
1073 2211 1135 2278 sibi
1156 2222 1208 2279 est
1229 2213 1353 2294 dilatio,
1375 2211 1505 2276 bimum

402 2315 525 2383 scilicet
544 2316 597 2383 vel
615 2317 751 2384 trimum
771 2315 823 2382 vel
845 2317 1001 2402 deinceps
1022 2325 1186 2383 mutatum
1204 2316 1320 2383 soluet
1375 2315 1429 2380 De
1450 2315 1506 2380 his

401 2431 514 2486 autem
540 2429 654 2487 contra
678 2421 856 2486 terminum
880 2419 1007 2492 Pasche
1029 2421 1244 2486 summonitio
1271 2441 1337 2485 non
1363 2419 1402 2484 fit
1424 2419 1505 2502 quia

358 2543 515 2589 roearum
537 2524 666 2590 aestiuo
688 2532 839 2610 tempore
860 2543 952 2589 rarus
974 2533 1026 2590 est
1045 2545 1131 2590 usus.
1175 2525 1271 2590 Tunc
1293 2523 1383 2589 enim
1405 2543 1503 2588 caue·

402 2648 495 2693 arum
521 2628 624 2693 antris
648 2627 775 2694 incluse
799 2627 974 2712 diligenter
998 2629 1231 2695 custodiuntur
1251 2635 1288 2692 vt
1309 2627 1424 2692 redeat
1445 2627 1504 2692 de-

400 2731 510 2816 posita
519 2739 687 2798 vetustate
700 2749 885 2816 pennarum
897 2732 997 2798 decor
1008 2741 1043 2798 et
1054 2751 1168 2798 earum
1176 2739 1214 2798 vt
1224 2731 1336 2815 aquile
1350 2731 1505 2796 iuuentus

281 2887 286 2900 .
400 2843 585 2901 renouetur.
628 2835 756 2902 Verum
778 2846 895 2903 contra
916 2836 1093 2901 terminum
1113 2835 1220 2901 sancti
1242 2833 1423 2910 Michaelis,
1437 2853 1506 2918 que

400 2939 468 3024 regi
488 2939 662 3016 debentur,
680 2947 942 3017 summoneatur,
959 2948 997 3005 vt
1014 2939 1159 3005 instante
1178 2947 1259 3004 tunc
1277 2937 1388 3003 hieme
1406 2937 1506 3022 regiis

356 3064 387 3117 πε
400 3051 558 3128 aptentur
579 3043 757 3128 obsequiis.
800 3043 841 3108 In
864 3041 1076 3109 cohercendis
1101 3053 1213 3109 autem
1234 3042 1297 3123 his,
1317 3041 1374 3128 qui
1397 3041 1444 3108 sic
1467 3061 1506 3106 se

401 3155 521 3230 sponte
536 3147 696 3232 obligant,
710 3165 771 3212 nec
785 3145 929 3227 soluunt,
943 3145 1000 3211 lex
1015 3145 1164 3231 predicta
1181 3145 1225 3211 de
1245 3155 1364 3231 sponte
1382 3143 1506 3211 oblatis

402 3259 559 3316 seruatur.

307 3343 392 3404 ¹1V1
447 3353 504 3420 Ad
519 3341 581 3420 hec
595 3353 748 3421 nouerint
761 3352 817 3432 hii,
832 3353 889 3437 qui
904 3353 938 3418 in
954 3352 1093 3436 pecunia
1107 3359 1280 3418 numerata
1296 3351 1366 3437 regi
1384 3357 1506 3434 sponte

366 3424 391 3474 A
403 3477 438 3522 se
452 3457 613 3542 obligant,
627 3458 718 3542 quod
739 3458 852 3541 regine
871 3456 1022 3523 similiter
1036 3465 1196 3535 tenentur,
1211 3456 1289 3522 licet
1309 3473 1504 3538 expressum

356 3585 390 3634 30
402 3578 468 3626 non
492 3560 596 3626 suerit.
641 3561 805 3645 Quamuis
828 3559 915 3625 enlm
938 3579 1004 3624 non
1026 3561 1070 3626 sit
1092 3577 1296 3644 expressum,
1318 3567 1369 3625 est
1390 3567 1506 3624 tamen

400 3663 564 3746 promisso
584 3664 868 3749 compromissum,
883 3672 920 3728 vt
938 3681 1016 3729 cum
1036 3664 1105 3748 regi
1126 3673 1259 3732 centum
1274 3647 1327 3729 v‘el
1343 3665 1505 3730 ducentas

400 3785 528 3832 marcas
547 3765 743 3848 promiserit,
757 3766 868 3850 regine
888 3766 1010 3852 pariter
1024 3775 1178 3833 teneatur
1191 3788 1253 3852 pro
1268 3777 1402 3834 centum
1418 3785 1506 3834 mar·

399 3868 447 3933 cis
467 3869 597 3954 argenti
617 3869 685 3953 regi
705 3870 874 3954 promissis
894 3873 928 3936 in
948 3891 1014 3936 vna
1034 3891 1144 3937 marca
1162 3871 1243 3949 auri,
1261 3892 1323 3957 pro
1343 3871 1504 3951 ducentis,

400 3971 434 4036 in
460 3973 590 4038 duabus
619 3973 738 4038 marcis
767 3973 846 4053 auri,
874 3983 909 4040 et
938 3975 985 4041 sic
1014 3975 1178 4060 deinceps.
1230 3976 1269 4041 ln
1297 3976 1359 4041 hiis
1388 3985 1503 4042 autem

355 4075 626 4161 rsperquirendls
649 4077 765 4142 eadem
786 4075 862 4162 lege
882 4078 1067 4144 vicecomes
1088 4099 1149 4164 per
1168 4079 1282 4144 omnia
1297 4089 1417 4156 vtetur,
1435 4098 1504 4163 qua

397 4182 432 4246 in
447 4180 543 4266 regiis
559 4201 637 4248 vsus
654 4190 713 4262 est,
728 4201 794 4248 non
813 4190 927 4248 tamen
947 4191 1026 4249 ante
1045 4191 1097 4248 set
1116 4193 1205 4268 post.
1249 4183 1337 4250 Cum
1359 4201 1439 4266 ergo
1458 4184 1503 4250 de

437 4326 648 4384 rmtlonemR
727 4325 871 4396 13necR
953 4327 987 4382 16
999 4326 1187 4384 solutioneN
1253 4341 1287 4396 23
1305 4329 1503 4385 remouetmR

400 4399 601 4471 ansermi
683 4411 719 4468 30
736 4395 1004 4470 tamethantumR
1092 4411 1126 4471 31
1145 4395 1361 4469 vel]scilioetR
