3360 5172
180 403 302 504 rer]
548 408 624 478 na
648 407 923 479 scaccamo
1162 452 1167 460 .
1251 409 1292 493 s7
1399 417 1403 430 ·

189 587 277 653 duos
300 582 442 671 percipit
461 581 612 650 denarios
631 603 694 668 pro
711 581 866 650 examine
885 581 970 648 sicut
989 581 1147 650 diximus.
1190 580 1293 668 Quod

190 691 220 755 si
247 688 367 775 quouis
392 707 473 754 casu
499 685 590 753 aliud
613 687 736 752 laceret
762 687 862 753 etiam
886 687 1029 753 sitertio
1051 687 1294 752 examinauerit

190 813 259 860 non
274 791 434 878 percipiet
453 791 642 877 quicquam,
656 792 715 856 sed
736 800 911 858 contentus
930 791 994 856 erit
1013 789 1115 856 semel
1129 792 1293 874 susceptis

190 896 335 964 duobus.

235 999 433 1085 Dicamus.
478 998 585 1066 Miror
606 1019 628 1065 a
649 998 751 1066 tantis
771 1007 901 1066 tantam
918 997 1067 1066 adhiberi
1086 996 1321 1083 diligentiams

190 1103 226 1169 in
241 1105 339 1169 unius
352 1103 436 1170 libre
450 1102 705 1180 examinatione,
719 1123 796 1170 cum
811 1122 871 1167 nec
887 1123 1028 1187 magnus
1042 1122 1087 1167 ex
1101 1123 1142 1168 ea
1155 1109 1293 1187 questus

190 1228 254 1274 nec
269 1207 375 1274 multa
389 1207 515 1275 iactura
528 1207 708 1292 proueniat.

234 1311 411 1396 Magister.
456 1310 535 1377 Non
566 1321 702 1396 propter
729 1308 815 1376 hanc
848 1317 981 1378 tantum
1013 1309 1098 1375 fiunt
1132 1308 1202 1386 hec,
1232 1312 1290 1376 sed

190 1425 328 1502 propter
347 1435 463 1482 omnes
486 1413 558 1480 illas
579 1435 645 1498 que
666 1415 710 1480 ab
733 1416 851 1480 eodem
872 1414 1068 1481 vicecomite
1088 1414 1151 1480 sub
1171 1414 1291 1480 eodem

191 1519 326 1585 nomine
343 1518 439 1584 firme
452 1517 551 1585 simul
566 1537 643 1583 cum
658 1517 722 1584 hac
736 1517 976 1602 persoluuntur.
1021 1517 1192 1602 Quantum
1204 1519 1291 1582 enim
1305 1539 1337 1576 ιο

189 1623 236 1690 ab
250 1622 314 1688 hac
329 1621 414 1688 libra
430 1643 489 1707 per
502 1623 614 1707 ignem
628 1622 854 1708 purgatorium
868 1621 1003 1699 decidit,
1020 1622 1229 1687 tantumdem
1245 1641 1290 1686 ex

190 1726 329 1810 singulis
342 1727 416 1792 aliis
429 1726 524 1791 libris
541 1727 668 1791 nouerit
684 1726 866 1792 vicecomes
883 1725 928 1790 de
942 1744 1072 1791 summa
1085 1745 1145 1790 sua
1162 1725 1292 1791 subtra-

191 1830 359 1908 hendum3
385 1840 424 1897 vt
445 1829 473 1896 si
495 1839 629 1896 centum
652 1830 753 1896 libras
775 1839 963 1896 numeratas
984 1828 1118 1897 soluerit
1140 1838 1175 1894 et
1204 1829 1290 1896 libra

191 1935 359 2000 examinis
379 1933 439 1998 xii.
459 1934 601 2000 denariis
625 1933 787 2001 exciderit
812 1955 880 2000 non
907 1942 1140 2019 computentur
1167 1933 1197 1999 ei
1226 1933 1291 1998 nisi

190 2039 375 2123 nonaginta
389 2038 545 2122 quinque.
1304 2055 1335 2108 1⁵

235 2140 431 2225 Discipulus.
469 2141 569 2209 Nunc
579 2141 814 2209 viderevideor
824 2151 978 2226 questum
989 2161 1033 2207 ex
1044 2141 1107 2206 hiis
1116 2139 1291 2227 prouenire

192 2265 292 2330 posse
306 2265 373 2311 non
389 2244 567 2325 modicum,
581 2246 640 2310 sed
655 2247 707 2311 cui
722 2245 838 2312 cedere
853 2246 974 2312 debeat
989 2245 1115 2330 ignoro.

234 2349 410 2433 Magister.
456 2348 568 2415 Semel
582 2349 708 2414 dictum
725 2357 784 2428 est,
799 2357 834 2415 et
849 2368 980 2432 semper
1000 2349 1210 2434 intelligatur,
1227 2349 1290 2415 soli

190 2453 283 2537 regie
296 2452 431 2519 utilitati
446 2452 479 2518 in
494 2454 649 2519 omnibus
663 2453 728 2518 hiis
742 2451 866 2519 seruiri.
921 2452 1016 2519 Licet
1030 2464 1143 2520 autem
1163 2475 1184 2518 a
1200 2454 1291 2520 talea

189 2556 397 2624 vicecomitis
418 2556 605 2624 combustio
627 2555 829 2636 detrahatur,
843 2557 986 2624 mittitur
1005 2567 1118 2623 tamen
1140 2577 1288 2624 seorsum
1305 2581 1335 2618 ro

189 2662 226 2728 in
241 2661 363 2726 taleam
377 2660 518 2726 alteram
532 2659 717 2726 breuiorem
731 2670 768 2726 vt
783 2661 827 2725 de
841 2680 972 2727 summa
985 2661 1055 2726 eius
1068 2660 1290 2728 thesaurarius

189 2774 227 2831 et
242 2763 411 2832 camerarii
429 2764 661 2848 respondeant.
705 2763 885 2830 Sciendum
906 2785 986 2829 vero
1008 2766 1099 2848 quod
1121 2785 1182 2850 per
1202 2764 1290 2832 hanc

190 2869 315 2935 taleam
341 2867 578 2934 combustionis
599 2867 773 2934 dealbatur
795 2865 891 2933 firma
912 2868 1119 2946 vicecomitis,
1141 2869 1229 2934 vnde
1254 2869 1290 2933 in

189 2972 419 3040 testimonium
433 2970 529 3036 huius
545 2971 591 3035 rei
606 2991 737 3056 semper
751 2971 867 3036 maiori
881 2970 968 3036 talee
983 2990 1130 3055 appensa
1144 2970 1289 3038 coheret.

234 3076 430 3159 Discipulus.
478 3074 592 3140 Pulsat
613 3074 721 3142 adhuc
740 3095 795 3139 me
815 3075 946 3158 questio
967 3095 1034 3140 non
1056 3073 1224 3140 dissimilis
1243 3067 1334 3186 illiJ⁵

188 3200 293 3263 quam
309 3181 343 3244 in
359 3177 494 3262 agendis
509 3177 667 3260 inferioris
679 3178 834 3243 scaccarii
849 3178 1059 3263 proposuisse
1070 3197 1124 3242 me
1135 3177 1289 3255 memini;

190 3304 292 3368 quare
309 3281 461 3350 videlicet
476 3282 561 3348 libra
572 3303 638 3348 una
652 3281 727 3366 plus
741 3282 844 3348 altera
859 3283 993 3349 decidat
1002 3301 1078 3346 curn
1093 3303 1154 3367 par
1168 3282 1289 3348 debeat

191 3407 265 3454 esse
278 3387 428 3455 conditio
442 3386 594 3452 omnium
612 3387 818 3470 operantium
835 3386 869 3450 in
885 3395 1028 3452 moneta

233 3491 409 3574 Magister.
453 3489 513 3558 Ad
538 3489 623 3556 hauc
648 3491 732 3555 sicut
758 3489 801 3556 ad
825 3489 915 3556 illam
940 3489 1148 3573 questionem
1169 3489 1289 3557 sufficit

190 3594 391 3680 respondere
401 3593 471 3660 fieri
483 3613 584 3677 posse
598 3592 663 3658 hoc
677 3614 737 3677 per
746 3592 894 3657 falsarios
906 3601 939 3658 et
951 3610 1159 3659 nummorum
1169 3595 1287 3660 deton·
1301 3610 1334 3662 50

189 3719 289 3768 sores
333 3698 484 3764 Fuerunt
501 3707 614 3764 autem
636 3698 693 3781 qui
716 3699 896 3776 crederent,
911 3696 1029 3780 quibus
1052 3717 1113 3762 nec
1134 3718 1199 3783 ego
1220 3698 1289 3764 dis·
1398 3781 1402 3790 δ

190 3803 307 3881 sentio,
314 3821 381 3868 non
392 3799 666 3885 esselegittimarn
676 3801 768 3885 regni
776 3800 874 3866 huius
881 3811 1050 3867 monetam
1059 3802 1086 3866 si
1096 3803 1290 3868 examinata

188 3905 275 3970 libra
296 3905 427 3970 decidat
449 3904 524 3989 plus
548 3925 650 3988 quam
673 3906 715 3970 vi.
740 3926 762 3969 a
786 3906 936 3989 pondere
958 3925 1023 3990 que
1045 3916 1217 3972 numerata
1232 3927 1288 3971 re·

190 4010 351 4094 spondet,
389 4016 423 4073 et
458 4007 561 4073 etiam
596 4009 743 4075 delatam
780 4009 823 4074 ad
860 4009 1059 4075 scaccarium
1098 4009 1289 4078 huiusmodi

226 4217 318 4274 3non
333 4203 407 4274 perc’
422 4203 630 4287 Ccorrmrg.
737 4273 745 4286 ⁰
772 4203 819 4274 qui
855 4204 1292 4264 uamRN21acrmamhadetC

194 4275 392 4345 13censumR
441 4275 473 4330 18
479 4277 547 4358 post
558 4275 824 4357 enhaddratrone'
895 4275 1139 4358 aodetraheturc
1190 4290 1286 4359 asap-

189 4345 397 4475 &tamir
413 4345 694 4492 latitant.
714 4345 994 4488 tilttttttbi
1002 4345 1290 4489 natalitii
