3360 5172
394 389 455 456 ηε
761 385 828 452 nn
852 381 1128 454 scaccnmo
1343 381 1388 478 [11
1403 387 1490 450 vnn

390 559 536 624 audeant
551 557 604 623 vel
617 577 684 623 non
695 567 907 644 attemptent,
917 556 975 641 qui
989 557 1057 623 suis
1066 577 1103 622 se
1117 555 1261 624 consiliis
1270 555 1489 624 subiecerunt.

390 662 478 729 Cum
500 671 613 729 autem
634 681 655 726 a
680 661 776 746 regiis
805 661 960 728 ministris
986 661 1079 744 regni
1105 679 1224 744 pacem
1246 661 1490 728 excubantibus

390 785 465 832 reus
479 765 599 832 horum
613 765 759 832 bmosus
773 763 891 862 aliquis
908 764 1209 850 comprehenditur,
1224 773 1360 849 propter
1375 785 1489 832 nume·

391 889 500 936 rosam
514 869 749 936 sceleratorum
765 867 1024 948 multitudinem,
1041 877 1079 933 vt
1092 866 1146 932 vel
1164 871 1211 933 sic
1225 869 1388 952 peruersis
1402 879 1491 936 terra

362 1005 377 1057 5
390 983 557 1060 purgetur,
571 973 783 1039 consentiunt
799 972 833 1037 in
848 973 913 1040 hoc
930 971 1097 1038 interdum
1117 971 1250 1049 iudices,
1265 973 1399 1054 quodsi
1414 973 1489 1057 quis

389 1076 579 1143 huiusmodi
595 1077 638 1142 de
653 1097 689 1142 se
702 1077 828 1142 crimen
842 1073 1003 1142 confitens
1017 1076 1148 1142 sceleris
1158 1075 1307 1144 ciusdem
1321 1089 1489 1144 consortes

390 1201 573 1266 prouocare
593 1180 743 1256 voluerit,
764 1189 799 1247 et
822 1179 991 1246 obiectum
1012 1179 1068 1244 alii
1087 1179 1140 1246 vel
1161 1179 1233 1244 aliis
1254 1179 1379 1248 crimen
1398 1201 1490 1246 com·

391 1285 493 1350 mimo
503 1283 615 1350 duello
629 1284 769 1370 probare
783 1283 932 1360 vuluerit,
945 1293 1088 1350 mortem
1099 1303 1202 1370 quam
1215 1284 1333 1350 meruit
1344 1283 1488 1369 effugiat,

390 1398 426 1455 et
443 1409 520 1454 cum
537 1389 734 1472 impunitate
755 1389 805 1453 sui
828 1387 974 1472 corporis
995 1387 1123 1464 exiens,
1141 1387 1236 1474 regni
1256 1395 1368 1474 tamen
1385 1388 1488 1456 totius

347 1521 378 1558 tc
391 1493 600 1560 demereatur
614 1501 649 1558 et
663 1491 793 1558 abiuret
807 1491 1000 1576 ingressum.
1044 1491 1192 1576 Quidam
1207 1500 1333 1571 autem,
1345 1513 1487 1560 conuen-

390 1598 483 1662 tione
504 1617 581 1663 cum
608 1597 770 1663 iudicibus
791 1596 882 1683 prius
904 1593 1002 1676 sacta,
1021 1594 1099 1662 licet
1124 1595 1256 1663 obiecta
1277 1597 1489 1680 probauerint

391 1721 457 1766 non
473 1711 587 1767 tamen
603 1699 765 1766 immunes
779 1700 972 1778 abscedunt,
982 1701 1041 1766 scd
1057 1700 1251 1786 effugientes
1264 1701 1490 1786 suspendium,

391 1805 445 1870 vel
462 1804 554 1870 aliud
568 1815 665 1888 turpe
679 1823 783 1886 genus
795 1803 921 1886 mortis,
931 1823 1032 1888 quam
1043 1803 1088 1870 de
1101 1823 1138 1870 sc
1152 1803 1292 1872 confessi
1304 1805 1499 1884 meruerim,

391 1909 600 1976 mutilatione
628 1920 742 1974 tamen
763 1907 988 1974 membrorum
1014 1908 1122 1993 puniti
1145 1907 1332 1974 miserabile
1359 1919 1487 1992 specta-

348 2037 377 2090 ¹⁵
391 2013 502 2078 culum
532 2010 617 2078 fiunt
646 2012 679 2076 in
710 2011 834 2094 populo
859 2020 894 2078 et
920 2011 1109 2078 temerarios
1141 2031 1239 2078 ausus
1264 2011 1487 2078 consimilium

357 2115 594 2182 Bterribilibua
606 2124 823 2200 compescunt
838 2115 1009 2199 exemplis
1054 2113 1221 2200 Quoniam
1234 2115 1344 2199 igitur,
1354 2115 1486 2183 obiecto

391 2229 427 2286 et
437 2220 581 2302 probato
596 2219 742 2285 criminis
755 2219 904 2284 eiusdem
920 2219 1135 2296 reatu‚vitam
1147 2218 1209 2286 sibi
1223 2219 1353 2286 saluare
1367 2229 1486 2303 potest,

390 2332 425 2388 et
440 2323 520 2388 item
536 2323 616 2406 quia
629 2324 672 2388 ad
687 2322 774 2406 regis
784 2321 961 2389 utilitatem
978 2322 1209 2406 proculdubio
1224 2321 1261 2388 fit
1275 2323 1431 2407 quicquid
1442 2321 1487 2390 ad

391 2427 484 2508 regni
496 2446 611 2509 pacem
626 2427 759 2492 videtur
766 2427 932 2503 accedere,
944 2428 1032 2512 regis
1046 2427 1207 2513 probator
1220 2427 1351 2494 dicitur.
1380 2427 1416 2492 A
1430 2427 1486 2494 die

347 2550 468 2598 novero
492 2530 626 2615 quand
651 2529 884 2612 probationem
900 2531 1091 2616 suscipitur
1115 2551 1220 2615 vsqne
1245 2532 1288 2598 ad
1314 2530 1485 2616 expletum

390 2633 602 2718 promissum,
622 2633 677 2698 vel
699 2653 803 2717 vsque
822 2654 890 2719 quo
912 2631 1078 2718 deiecerit,
1099 2635 1143 2701 ad
1165 2633 1320 2702 victualia
1342 2638 1385 2704 de
1407 2634 1486 2701 fisco

390 2737 529 2822 percipit
557 2755 689 2822 quaque
715 2739 769 2802 die
795 2738 967 2804 denarium
993 2758 1105 2817 vnum,
1131 2739 1189 2822 qui
1214 2737 1399 2806 vicecomiti
1428 2759 1487 2822 per

390 2841 495 2908 solam
516 2841 789 2908 consuetudinem
809 2843 964 2908 scaccarii
983 2850 1207 2927 computatur.
1251 2840 1352 2927 Quod
1368 2844 1396 2908 si
1411 2863 1486 2928 pro·

389 2945 487 3010 bator
502 2944 557 3010 ille
575 2945 679 3010 iussus
697 2945 794 3012 suerit
812 2947 856 3010 ad
875 2945 940 3012 alia
956 2945 1029 3011 loca
1046 2943 1223 3024 transferri,
1238 2955 1275 3012 vt
1289 2947 1487 3013 conuenien-

346 3077 377 3130 η
391 3048 479 3114 tibus
490 3048 556 3114 illic
569 3049 740 3129 indicibus,
751 3049 971 3134 opportunius
981 3051 1181 3133 promissum
1190 3049 1325 3135 expleat
1336 3049 1388 3115 vel
1403 3049 1488 3116 forte

389 3151 546 3217 deficiens
580 3153 741 3220 scelerum
771 3173 906 3219 suornm
935 3173 1058 3238 penam
1093 3152 1295 3237 condignam
1331 3153 1487 3237 excipiat,

389 3255 497 3321 solum
512 3255 546 3320 id
566 3257 656 3340 quod
676 3257 709 3321 in
729 3255 886 3322 vehiculis
903 3255 980 3322 illuc
1000 3255 1221 3322 conducendis
1237 3265 1273 3322 et
1289 3255 1487 3326 victualibus

389 3358 436 3423 illi
452 3359 676 3424 ministrandis
692 3381 751 3443 per
765 3361 936 3426 denarium
953 3359 1109 3425 diurnum
1119 3359 1291 3436 inuenerit,
1301 3359 1489 3428 vicecomiti

389 3462 639 3547 computabitur
653 3484 712 3548 per
727 3465 1000 3530 consuetudinem
1014 3485 1022 3543 ;
1044 3473 1155 3528 cetera
1168 3483 1247 3529 vero
1262 3483 1337 3543 non,
1352 3465 1413 3530 nisi
1427 3485 1487 3549 per

344 3567 491 3646 3obreue
523 3567 618 3650 regin
678 3565 767 3632 Sunt
798 3577 949 3653 preterea
977 3567 1011 3632 in
1045 3565 1246 3650 quibusdam
1274 3569 1488 3636 comitatibus

389 3670 498 3753 plures
526 3669 592 3752 qui,
622 3669 749 3735 ratione
777 3669 955 3736 fundorum
985 3689 1131 3748 suorum,
1161 3671 1195 3736 in
1225 3672 1487 3756 condempnatos

387 3771 521 3837 vltrices
536 3791 654 3837 manus
669 3774 807 3840 mittunt
818 3785 854 3840 vt
869 3774 951 3840 alios
965 3775 1152 3858 suspendio,
1162 3773 1246 3842 alios
1262 3777 1486 3844 membrorum

387 3875 648 3953 detruncatione,
663 3875 716 3942 vel
730 3877 804 3943 aliis
819 3879 937 3958 modis,
951 3877 1049 3944 iuxta
1066 3879 1288 3963 quantitatem
1306 3881 1487 3964 perpetrati

388 3979 520 4046 sceleris
534 3980 683 4065 puniant.
727 3981 816 4050 Sunt
835 3982 935 4050 etiam
955 3983 1092 4068 quidam
1111 3983 1289 4050 comitatus
1308 3983 1343 4050 in
1362 3984 1483 4067 quibus

423 4177 588 4250 rsichiR
684 4179 747 4251 sin
771 4181 840 4236 etR
930 4178 1024 4251 palii]
1037 4179 1158 4238 alicuiC
1248 4193 1260 4236 ι
1298 4181 1486 4239 consimilium

387 4251 507 4307 aususC
562 4251 594 4307 16
606 4250 749 4319 Quoniam
772 4250 900 4322 QuodN
945 4264 977 4321 17
989 4251 1116 4307 eiusdem
1125 4251 1251 4308 criminis
1347 4266 1359 4307 1
1392 4251 1485 4334 regni]

386 4322 549 4394 regnemN
615 4321 752 4390 atiussus
777 4321 921 4380 missusR
1004 4334 1037 4394 25
1050 4321 1189 4452 vclkvtc
1257 4267 1491 4466 ayillucpillrcc

387 4395 422 4450 28
439 4410 490 4466 per
501 4392 647 4451 denudum
659 4393 791 4450 diurnum
802 4410 855 4451 om.
868 4394 905 4447 N
969 4391 1077 4451 inuenit
1228 4392 1360 4464 uetiam
1385 4393 1453 4451 etC
