3360 5172
181 366 296 460 rvrc]
547 370 614 438 nn
638 368 914 438 scnccnruo
1241 371 1283 458 83

181 543 342 610 Testibus
364 540 428 607 hiis
445 539 492 606 ibi
513 541 558 607 ad
578 537 797 609 scaccarium!
843 541 976 608 Horum
997 550 1112 608 autem
1134 540 1283 608 omnium

181 647 334 714 breuium
363 645 523 729 rescripta
551 666 654 730 penes
683 646 877 713 iamdictum
906 645 1060 713 clericum
1090 647 1285 712 residebunt

180 749 217 817 in
238 749 464 816 testimonium
487 748 651 816 sactorum
673 751 834 817 breuium.
879 748 1066 835 Originalia
1082 749 1171 815 enim
1193 771 1284 818 com·

182 864 379 942 putatorum
393 852 447 919 vel
460 855 720 940 perdonatorum
730 855 845 922 breuia
860 853 972 921 forulis
983 853 1179 933 marescalli,
1188 854 1282 921 iactis

183 960 418 1026 vicecomitum
433 960 610 1043 compotis,
623 959 845 1040 includuntur,
854 961 897 1025 de
911 968 1033 1038 cetero,
1042 957 1103 1023 nisi
1113 958 1312 1032 contentiot

182 1064 227 1129 de
242 1064 290 1129 eis
307 1063 441 1142 oriatur,
461 1083 529 1128 non
549 1065 757 1148 exponenda
810 1062 912 1147 Quod
931 1071 1046 1130 autem
1064 1062 1107 1130 de
1126 1062 1283 1130 breuibus

182 1166 271 1250 regis
285 1167 426 1232 dicimus
447 1166 700 1252 intelligendum
715 1177 766 1234 est
781 1167 930 1234 similiter
943 1167 987 1233 de
1006 1165 1163 1233 breuibus
1178 1165 1282 1250 prosi·

182 1269 292 1335 dentis
311 1269 480 1336 iusticiarii
507 1279 640 1336 tantum
657 1291 733 1337 cum
750 1291 811 1336 rex
829 1269 950 1337 absens
964 1279 1017 1338 est
1040 1278 1075 1336 et
1092 1289 1168 1336 cum
1183 1267 1282 1354 sigilli

182 1373 254 1438 eius
270 1372 485 1457 impressione
504 1373 576 1440 iura
595 1375 687 1459 regni
702 1383 900 1452 statuuntur,
917 1383 952 1440 et
972 1394 1070 1440 cause
1089 1373 1232 1440 citantur
1245 1380 1282 1437 vt

180 1476 448 1542 condemnentur
471 1474 525 1542 vel
548 1476 763 1543 absoluantur
788 1477 845 1562 qui
869 1484 1032 1542 vocantur
1060 1477 1104 1542 ad
1133 1476 1260 1543 curiam
1272 1498 1281 1554 ;
1297 1494 1328 1532 ιο

182 1590 330 1648 ceterum
353 1580 435 1644 dum
457 1600 519 1645 rex
547 1581 581 1646 in
602 1600 705 1666 regno
725 1579 850 1666 Anglie
869 1580 968 1646 suerit
989 1580 1104 1647 breuia
1127 1579 1282 1646 scaccarii

183 1685 319 1750 nomine
347 1685 440 1768 regio
469 1682 549 1749 fient
578 1684 641 1750 sub
673 1685 823 1751 eiusdem
852 1684 1048 1768 presidentis
1077 1693 1112 1750 et
1144 1683 1282 1750 alicuius

182 1785 318 1853 alterius
338 1787 453 1871 magni
472 1787 676 1854 testimonio.
714 1787 799 1873 Quis
818 1797 930 1854 autem
950 1789 996 1854 sit
1014 1797 1111 1854 tenor
1130 1787 1280 1853 breuium

182 1890 315 1958 illorum
338 1910 403 1974 que
425 1892 699 1958 summonitiones
720 1893 872 1959 dicuntur
894 1891 1024 1977 plenius
1044 1890 1130 1958 inira
1152 1891 1282 1958 dicotur

182 1993 220 2060 in
236 1993 335 2060 titulo
350 1994 392 2059 de
407 1995 729 2062 summonitionibus
1297 2011 1326 2064 ¹⁵

224 2096 371 2164 Clericus
381 2098 565 2165 cancellarii
575 2100 633 2183 qui
642 2099 720 2165 huic
729 2099 903 2184 proximus
915 2107 974 2175 est,
980 2097 1055 2164 licet
1066 2119 1133 2164 non
1142 2099 1280 2183 proprio
1293 2122 1316 2175 c

180 2201 242 2267 sed
262 2202 371 2268 alieno
391 2202 527 2268 nomine
549 2203 676 2282 militet,
696 2204 826 2286 magnis
847 2213 961 2271 tamen
986 2211 1167 2286 occupatur
1189 2211 1224 2270 et
1246 2201 1281 2270 in

182 2305 290 2372 multa
304 2306 507 2390 distrahitur,
521 2307 607 2373 adeo
621 2317 658 2373 vt
672 2307 715 2372 ab
730 2307 802 2392 ipso
817 2305 910 2372 initio
925 2316 1158 2390 compotorum
1172 2325 1281 2391 usque

181 2410 227 2476 ad
243 2409 344 2475 finem
358 2409 435 2476 inde
446 2409 545 2475 auelli
560 2430 626 2476 non
639 2411 754 2494 possit,
768 2410 831 2475 nisi
843 2409 929 2477 sorte
938 2411 1019 2476 dum
1034 2409 1098 2477 sibi
1113 2410 1281 2496 propitius

181 2522 237 2579 est
261 2515 441 2580 substituto
467 2513 600 2579 interim
628 2513 691 2579 sibi
721 2514 866 2580 discreto
894 2513 1026 2579 vicario.
1072 2512 1161 2579 Huic
1192 2513 1280 2580 enim
1294 2537 1326 2575 20

184 2617 293 2704 prima
306 2637 386 2684 cura
405 2625 456 2683 est
475 2626 552 2702 post
570 2617 811 2684 thesaurarium
829 2617 863 2682 in
884 2616 947 2681 hiis
966 2617 1119 2684 omnibus
1134 2637 1200 2702 que
1214 2617 1280 2683 illic

181 2731 351 2807 geruntur,
373 2720 519 2787 maxime
535 2729 649 2787 tamen
664 2721 751 2786 circa
769 2720 954 2787 rotulorum
968 2739 1008 2786 ac
1026 2720 1176 2787 breuium
1200 2721 1280 2786 scri·

180 2833 326 2910 pturam,
340 2825 373 2888 in
388 2824 453 2890 hiis
468 2824 554 2888 enim
571 2824 728 2908 precipue
741 2832 909 2904 versatur;

249 2933 257 2964 ‘
271 2929 302 2994 N
305 2949 359 2994 am
374 2948 417 2993 ne
431 2927 516 2993 sorte
530 2927 580 2993 sui
594 2925 740 2992 calamus
754 2927 921 3012 scriptoris
936 2925 1067 2991 aberret

271 3032 431 3118 Prospicit
445 3032 500 3099 hic
517 3031 618 3098 alium
633 3031 781 3115 sequitur
794 3031 875 3096 dum
890 3029 1042 3116 passibus
1056 3028 1170 3114 equis!
1292 3053 1324 3116 55

227 3137 314 3203 Item
340 3136 394 3204 hic
420 3136 566 3202 intuetur
588 3135 764 3221 diligenter
792 3135 927 3203 alterius
948 3134 1026 3200 anni
1048 3133 1192 3199 rotulum
1215 3133 1279 3199 sibi

181 3241 390 3329 propositum
406 3241 513 3307 donec
524 3261 545 3305 a
558 3240 752 3306 vicecomite
766 3239 973 3306 satisfactum
989 3236 1087 3304 suerit
1101 3239 1145 3304 de
1159 3238 1279 3306 debitis

178 3343 243 3410 hiis
257 3364 323 3429 que
341 3343 407 3408 illic
427 3352 630 3410 annotantur
649 3351 684 3408 et
703 3343 885 3426 dequibus
904 3351 1145 3408 summonetur.
1190 3341 1278 3406 Item

180 3449 346 3516 residente
368 3447 564 3513 vicecomite
585 3447 629 3512 ad
651 3456 854 3532 compotum,
877 3446 1077 3531 computatis
1101 3453 1135 3510 et
1156 3445 1279 3529 scripto

179 3553 350 3638 deputatis
369 3551 517 3635 hiisque
536 3549 718 3618 constituta
738 3558 816 3616 sunt
833 3550 868 3615 in
888 3550 1059 3632 comitatu,
1072 3549 1174 3616 breue
1189 3569 1279 3616 sum·
1292 3575 1326 3634 20

179 3655 381 3736 monitionis,
396 3656 449 3721 cui
467 3654 554 3740 regis
568 3655 713 3739 sigillum
729 3674 913 3740 appensum
929 3661 990 3732 est,
1006 3652 1143 3737 suscipit
1156 3675 1177 3720 a
1191 3652 1279 3718 vice·

180 3759 303 3826 comite
332 3767 367 3824 et
396 3759 440 3824 de
476 3758 539 3824 hiis
567 3758 687 3824 debitis
715 3778 781 3843 que
818 3757 885 3824 illic
917 3758 1041 3841 scripta
1076 3765 1156 3824 sunt
1183 3767 1279 3844 vrget

178 3861 406 3928 vicecomitem
421 3862 643 3945 pronuncians
658 3863 691 3925 in
712 3860 881 3945 publicum
895 3871 930 3927 et
946 3861 1070 3940 dicens,
1084 3861 1223 3927 ‘Redde
1236 3861 1280 3926 de

179 3964 244 4031 hoc
259 3974 394 4031 tantum
409 3976 443 4031 et
458 3967 501 4031 de
515 3964 573 4029 illo
587 3961 740 4030 tantun!
784 3964 910 4031 Debita
925 3984 1004 4030 vero
1023 3984 1090 4048 que
1106 3964 1280 4030 soluuntur

179 4065 214 4132 in
244 4068 411 4152 integrum
437 4076 472 4132 et
493 4066 536 4132 de
558 4067 678 4151 quibus
699 4065 827 4145 satisfit,
848 4067 1008 4133 cancellet
1029 4067 1118 4132 idem
1144 4067 1279 4135 clericus
1291 4098 1322 4150 35

178 4169 268 4237 linea
282 4172 383 4237 ducta
398 4190 458 4255 per
473 4169 677 4253 medium‚vt
691 4171 735 4236 sit
750 4170 920 4236 distinctio
931 4190 991 4255 per
1001 4170 1066 4236 hoc
1079 4171 1183 4240 etiam
1194 4174 1279 4238 inter

181 4319 376 4402 ‘raufiuntc
428 4319 606 4402 1⁸7eto'm.R
660 4319 1124 4402 19-20prop.estom.Nperlac.
1171 4319 1277 4376 aosibi

180 4399 293 4448 rntenm
304 4390 364 4446 NR
418 4391 550 4448 discreuo
561 4392 598 4447 N
601 4405 609 4446 r
628 4389 784 4448 decretoR
836 4404 873 4461 30
886 4387 952 4462 que]
966 4391 1059 4463 qurN
1108 4389 1185 4461 sunt]
1198 4390 1280 4448 estc
