3290 5134
235 1317 612 1419 DIALOGUS
669 1319 769 1416 DE
824 1318 1235 1419 SCACCARIO

583 1615 896 1718 [pessumo]

284 1875 518 1944 RDINATIS
540 1897 561 1944 a
577 1879 643 1945 deo
656 1879 879 1965 potestatibus
894 1881 928 1946 in
944 1880 1034 1946 omni
1048 1879 1168 1946 timore
1182 1879 1285 1948 subici
1300 1897 1325 1944 n

303 1981 401 2048 simul
417 1991 452 2048 et
466 1981 603 2067 obsequi
618 2003 752 2048 necesse
766 1991 825 2050 est.
863 1982 983 2052 Omnis
997 1982 1086 2048 enirn
1102 1992 1251 2067 potestas
1265 2006 1286 2050 a

192 2084 325 2150 domino
346 2085 412 2151 deo
434 2094 493 2152 est.
540 2086 617 2154 Non
640 2107 720 2170 ergo
741 2086 873 2154 videtur
892 2089 1074 2154 absurdum
1095 2087 1147 2154 vel
1169 2109 1190 2154 a
1211 2088 1287 2156 viris

192 2187 418 2256 ecelesiasticis
432 2189 577 2256 alienum
592 2191 725 2274 regibus
740 2191 834 2275 quasi
854 2190 1106 2276 precellentrbus
1121 2194 1287 2258 etceteris

191 2293 411 2376 potestatibus
431 2293 606 2359 seruiendo
626 2314 685 2360 sua
705 2294 777 2362 iura
797 2314 946 2373 seruare;
975 2295 1147 2380 presertim
1167 2294 1202 2360 in
1222 2295 1315 2369 hiis5

192 2415 256 2478 que
284 2396 413 2462 veritati
438 2395 489 2464 vel
516 2397 679 2464 honestati
709 2417 777 2464 non
808 2398 954 2466 obuiant
1000 2397 1144 2482 Oportet
1174 2407 1286 2464 autem

191 2498 254 2564 hiis
275 2501 397 2564 seruire
420 2520 486 2564 non
512 2501 545 2566 in
571 2502 803 2567 conseruandis
827 2511 956 2568 tantum
981 2501 1200 2586 dignitatibus
1226 2523 1287 2586 per

192 2622 274 2685 quas
296 2602 401 2686 gloria
421 2603 509 2688 regie
528 2604 703 2687 potestatis
724 2604 840 2683 elucet,
855 2623 970 2670 verum
990 2603 1023 2668 in
1044 2606 1286 2670 mundanarum

190 2705 383 2773 facultatum
408 2707 513 2792 copiis
538 2727 604 2791 que
632 2728 689 2774 eos
718 2708 769 2774 sui
795 2717 902 2775 status
928 2706 1054 2773 ratione
1078 2707 1285 2792 contingunt.

192 2809 254 2875 Ille
271 2810 360 2876 enim
375 2809 549 2890 illustrant,
564 2811 625 2876 hee
639 2810 848 2877 subueniunt.
886 2811 989 2877 Porro
1004 2808 1176 2876 mobilium
1191 2811 1286 2894 copia
1302 2835 1333 2872 10

191 2912 242 2980 vel
274 2912 423 2980 deiectus
453 2915 638 2999 principum
671 2923 853 2998 potestates
884 2912 1037 2980 humiliat
1065 2912 1117 2978 vel
1149 2913 1286 2980 exaltat.

192 3016 324 3102 Quibus
339 3019 425 3084 enim
440 3016 502 3084 hec
513 3019 632 3084 desunt
647 3016 798 3084 hostibus
809 3018 912 3101 preda
926 3015 1021 3093 fiunt,
1035 3016 1155 3100 quibus
1171 3026 1285 3082 autem

189 3121 254 3187 hec
276 3130 458 3206 suppetunt
479 3119 544 3187 hiis
565 3119 678 3184 hostes
699 3119 734 3184 in
756 3119 894 3203 predam
917 3118 1047 3184 cedunt.
1093 3119 1183 3186 Sane
1208 3119 1285 3186 licet

190 3225 253 3292 hec
281 3225 413 3310 regibus
442 3223 647 3308 pierumque,
666 3222 736 3296 iure
761 3242 827 3287 non
854 3243 987 3308 prorsus
1013 3222 1204 3287 examinato
1233 3233 1285 3288 set

190 3329 305 3412 patriis
320 3329 520 3412 quandoque
534 3325 663 3410 legibus
677 3324 879 3408 quandoque
892 3325 1042 3393 cordium
1058 3323 1193 3391 su'orum
1207 3344 1284 3392 con·
1300 3347 1331 3398 ¹5

188 3431 266 3498 siliis
288 3431 426 3498 occultis
451 3429 505 3496 vel
530 3428 630 3496 solius
656 3429 821 3494 interdum
847 3449 907 3494 sue
932 3427 1113 3494 voluntatis
1141 3427 1286 3506 arbitrio,

189 3535 364 3619 prouenire
387 3535 579 3618 contingat3
606 3551 720 3598 eorum
749 3541 862 3598 tamen
887 3532 975 3597 iacta
1004 3532 1048 3596 ab
1078 3528 1286 3596 inferioribus

190 3638 395 3704 discutienda
419 3637 472 3703 vel
497 3636 773 3720 condempnando
796 3655 863 3702 non
888 3645 975 3702 sunt
1020 3634 1171 3719 Quorum
1196 3635 1283 3700 enim

189 3743 290 3808 corda
303 3751 338 3808 et
353 3751 464 3806 motus
478 3740 627 3807 cordium
641 3740 674 3804 in
691 3759 791 3818 manu
806 3739 859 3804 dei
874 3748 950 3806 sunt
964 3746 999 3804 et
1012 3739 1132 3822 quibus
1149 3740 1193 3806 ab
1210 3738 1284 3822 ipso

189 3845 255 3910 deo
275 3842 482 3927 singulariter
499 3851 550 3908 est
570 3841 695 3909 credita
713 3861 792 3908 cura
810 3841 1028 3922 subditorum,
1049 3862 1164 3908 eorum
1186 3861 1284 3907 causa
1300 3865 1333 3901 ιο

190 3947 306 4012 diuino
323 3953 456 4012 tanturn
476 3965 544 4011 non
561 3944 708 4010 humano
727 3944 849 4011 iudicio
868 3955 936 4013 stat
955 3954 1014 4010 aut
1031 3945 1130 4010 cadit
1174 3945 1285 4012 Nemo

190 4058 303 4116 tamen
332 4049 574 4131 quantumlibet
599 4047 693 4114 diues
717 4047 745 4112 si
769 4067 864 4114 secus
890 4049 994 4132 egerit
1020 4049 1063 4114 de
1089 4048 1285 4132 impunitate

226 4258 345 4316 asimul
367 4269 397 4317 et
415 4259 483 4316 CR:
503 4257 685 4316 similiterN
795 4271 864 4329 9-11
885 4258 1220 4317 iaculumm...enltat
1239 4258 1287 4314 Μ

193 4343 228 4388 ro
237 4329 382 4388 mobilium
390 4331 593 4386 Lietemann:
608 4327 744 4388 nobilium
758 4329 838 4384 CNR
926 4343 958 4386 ta
970 4330 1040 4386 bec.
1051 4371 1059 4388 .
1070 4369 1078 4386 .
1090 4341 1183 4386 autem
1192 4345 1245 4384 om.
1257 4329 1287 4383 R

191 4398 305 4472 desunt]
314 4400 510 4474 suppetuutN
516 4417 588 4458 corr.
659 4413 692 4470 13
709 4396 840 4472 predum]
852 4399 1013 4472 predictaR
1072 4401 1106 4458 16
1123 4397 1289 4471 sueriueC
