3290 5134
166 340 297 430 rliiic]
541 343 608 409 DE
632 342 904 413 SCACCARIO
1228 351 1270 432 67

168 523 332 597 quantum
348 513 391 581 de
406 513 483 580 albo
499 513 593 580 firme
608 535 670 599 pro
685 515 824 600 singulis
839 516 930 582 hbris
944 515 1072 583 soluere
1085 527 1269 585 teneantur.

169 617 239 684 Sed
254 616 318 684 hec
333 617 419 683 ratio
434 639 557 702 cogens
569 628 621 684 est
635 619 679 684 de
693 617 787 684 firme
801 619 966 686 solutione
979 639 1044 686 non
1058 624 1101 688 de
1116 624 1270 690 scaccarii

168 721 324 788 sessione.
370 721 525 806 [Videtur
535 731 647 788 autem
658 722 706 810 eis
715 723 851 788 obuiare
862 725 919 807 qui
928 724 1042 790 dicunt
1052 726 1167 790 album
1177 727 1272 793 firme

167 846 190 892 a
203 826 410 910 temporibus
428 825 618 911 Anglorum
640 826 766 910 cepisse
788 829 878 910 quod
900 829 933 892 in
953 829 1035 895 libro
1050 829 1219 896 iudiciario
1237 833 1271 895 in

168 952 238 1016 quo
259 931 363 997 totius
389 931 482 1016 regni
504 932 687 1016 descriptio
707 931 851 1016 diligens
873 935 1062 1000 continetur
1082 944 1115 1000 et
1135 943 1205 1001 tam
1227 938 1298 1017 de5

167 1045 320 1119 tempore
339 1037 426 1120 regis
450 1036 607 1102 Edwardi
629 1056 731 1120 quam
754 1037 798 1101 de
820 1045 972 1123 tempore
994 1039 1079 1124 regis
1101 1037 1270 1119 Willelmi,

167 1138 232 1204 sub
244 1159 312 1222 quo
320 1137 427 1204 iactus
436 1147 498 1215 est,
510 1138 715 1224 singulorum
726 1139 903 1206 fundorum
913 1141 1062 1208 valencia
1073 1142 1272 1227 exprimitur

169 1240 261 1307 nulla
284 1262 419 1327 prorsus
444 1244 488 1307 de
511 1244 589 1308 albo
612 1242 706 1308 firme
729 1243 768 1310 fit
794 1245 929 1310 mentio.
972 1245 1071 1310 Vnde
1098 1247 1271 1329 probabile

168 1345 303 1411 videtur
316 1347 408 1429 quod
422 1347 511 1412 facta
526 1346 583 1412 illa
602 1347 825 1432 descriptione
838 1357 992 1433 tempore
1005 1347 1070 1414 iam
1087 1349 1167 1416 dicti
1182 1351 1270 1434 regis

168 1453 213 1516 de
227 1449 306 1516 albo
323 1449 492 1515 firmarum
503 1450 602 1516 luerit
616 1472 638 1515 a
648 1451 804 1516 studiosis
819 1452 891 1516 eius
901 1453 1122 1520 constitutum
1134 1463 1270 1538 propter
1282 1455 1315 1559 ξ

168 1574 285 1620 causas
311 1573 377 1636 que
408 1552 542 1620 inferius
571 1549 800 1643 annotamus]
847 1555 1067 1640 Quocumque
1087 1577 1165 1622 vero
1186 1565 1268 1622 tem·

170 1678 252 1742 pore
295 1657 419 1742 ceperit
455 1678 533 1723 usus
570 1659 650 1737 eius,
690 1667 817 1724 certum
854 1669 904 1724 est
940 1661 1032 1744 quod
1073 1679 1269 1744 magnorum

168 1763 367 1828 auctoritate
387 1762 560 1828 roboratur
581 1764 667 1828 adeo
688 1772 727 1827 vt
745 1761 827 1828 nulli
847 1762 949 1832 liceat
967 1773 1094 1830 statuta
1117 1765 1269 1830 scaccarii

169 1865 344 1952 infringere
357 1866 410 1932 vel
430 1866 477 1930 eis
491 1865 608 1950 quauis
628 1867 818 1932 temeritate
835 1866 995 1932 resistere.
1042 1865 1158 1931 Habet
1179 1867 1268 1931 enim

170 1970 237 2036 hoc
258 1989 436 2035 commune
458 1990 534 2036 cum
565 1970 638 2054 ipsa
659 1971 787 2036 domini
816 1970 902 2053 regis
935 1969 1023 2035 curia
1044 1957 1172 2053 inqua
1197 1970 1268 2055 ipse
1284 2002 1313 2056 ¹⁵

98 2069 102 2078 ’
170 2075 206 2140 in
232 2075 365 2158 propria
396 2093 539 2158 persona
563 2073 635 2138 iura
664 2073 818 2139 discernit
847 2074 937 2157 quod
964 2093 1025 2138 nec
1050 2074 1268 2140 recordationi

171 2197 232 2244 nec
261 2177 424 2244 sententie
449 2177 483 2241 in
512 2197 553 2241 eo
583 2177 651 2243 late
675 2176 753 2243 licet
781 2176 879 2242 alicui
901 2177 1134 2244 contradicere.
1178 2177 1268 2243 Huic

169 2290 282 2347 autem
303 2281 390 2347 curie
409 2289 479 2346 mm
497 2279 631 2364 insignis
649 2279 827 2347 auctoritas
848 2289 899 2346 est
917 2301 992 2346 cum
1016 2292 1154 2366 propter
1179 2283 1268 2365 regie

169 2385 336 2469 ymaginis
368 2383 600 2449 excellentiam
634 2403 700 2466 que
734 2383 768 2447 in
797 2384 906 2468 sigillo
940 2385 1011 2450 eius
1044 2385 1079 2449 in
1113 2385 1268 2452 thesauro

169 2489 340 2554 indiuidua
361 2488 435 2571 lege
459 2496 610 2553 seruatur
635 2497 707 2552 tum
732 2497 868 2571 propter
896 2489 1034 2572 eosqui
1058 2489 1206 2556 assident
1230 2502 1267 2558 vt
1283 2524 1314 2559 20

169 2593 297 2658 dictum
319 2601 371 2658 est
392 2611 533 2675 quorum
557 2592 704 2657 sollertia
726 2601 823 2659 totus
841 2593 933 2678 regni
955 2601 1060 2658 status
1081 2594 1268 2679 indempnis

169 2706 330 2762 seruatur.
354 2694 447 2764 ,Illic
468 2695 557 2762 enim
579 2696 701 2762 residet
720 2696 870 2780 capitalis
887 2697 1015 2761 domini
1032 2698 1117 2780 regis
1133 2697 1268 2780 iustitia,

170 2799 296 2885 primus
310 2811 387 2886 post
408 2820 519 2885 regem
538 2800 570 2865 in
586 2820 690 2884 regno
710 2801 838 2867 ratione
853 2801 974 2881 furiet
992 2801 1132 2864 maiores
1146 2801 1268 2886 quique

169 2904 214 2971 de
234 2926 338 2991 regno
362 2905 419 2989 qui
442 2903 633 2970 familiarius
656 2903 753 2988 regiis
778 2903 911 2970 secretis
937 2903 1095 2969 assistunt
1115 2914 1152 2970 vt
1176 2906 1269 2988 quod

168 3008 266 3075 suerit
285 3010 347 3074 sub
365 3017 534 3075 tantorum
555 3008 720 3094 presentia
742 3007 961 3074 constitutum
982 3006 1035 3072 vel
1055 3009 1268 3073 terminatum
1283 3041 1313 3092 ²5

169 3112 353 3178 inuiolabili
368 3115 438 3178 iure
454 3113 623 3179 subsistat.
660 3112 787 3176 Verum
799 3111 934 3196 quidam
947 3131 992 3174 ex
1004 3111 1121 3191 officio,
1131 3112 1268 3194 quidam

170 3237 216 3282 ex
230 3216 303 3282 sola
318 3218 462 3283 iussione
476 3215 634 3300 principis
648 3216 803 3282 resident.
849 3213 905 3279 Ex
925 3212 1035 3280 officio
1049 3213 1269 3299 principaliter

169 3321 301 3402 residet,
316 3321 420 3386 immo
434 3331 468 3386 et
489 3320 645 3404 presidet,
661 3320 787 3403 primus
804 3319 837 3382 in
854 3337 964 3402 regno,
979 3317 1127 3401 capitalis
1144 3318 1268 3385 scilicet

171 3426 303 3492 iustitia
348 3423 436 3489 Huic
462 3433 575 3489 autem
601 3424 748 3491 assident
777 3443 822 3487 ex
845 3422 918 3488 sola
949 3422 1091 3487 iussione
1112 3421 1268 3508 principis

170 3538 401 3594 momentanea
410 3527 535 3594 scilicet
543 3537 578 3594 et
590 3527 704 3592 mobili
714 3527 910 3592 auctoritate
917 3524 1052 3609 quidam
1062 3526 1117 3610 qui
1129 3527 1268 3591 maiores
1282 3540 1314 3591 30

170 3643 206 3698 et
230 3632 436 3699 discretiores
461 3632 616 3696 videntur
640 3630 674 3695 in
704 3649 806 3712 regno
831 3630 902 3694 siue
928 3630 972 3694 de
996 3628 1083 3694 clero
1108 3630 1174 3696 sint
1197 3631 1302 3696 siuec

170 3738 214 3802 de
235 3737 335 3820 curia.
372 3735 534 3801 Assident
552 3735 686 3818 inquam
708 3734 751 3797 ad
773 3733 990 3798 discernenda
1011 3733 1082 3798 iura
1104 3743 1139 3799 et
1168 3734 1268 3799 dubia

169 3839 422 3906 determinanda
444 3860 509 3923 que
531 3838 717 3920 frequenter
735 3856 780 3900 ex
801 3837 1020 3903 incidentibus
1042 3837 1268 3921 questionibus
1375 3871 1376 3876 κ

171 3943 332 4008 oriuntur.
377 3943 456 4008 Non
487 3941 576 4008 enim
606 3942 640 4005 in
671 3941 849 4006 ratiociniis
878 3942 937 4006 sed
966 3941 1002 4005 in
1032 3941 1269 4024 multiplicibus

170 4047 300 4112 iudiciis
321 4045 490 4112 excellens
510 4044 664 4111 scaccarii
686 4045 825 4110 scientia
847 4044 1007 4110 consistit.
1052 4043 1162 4110 Facile
1179 4046 1268 4110 enim
1282 4076 1313 4128 ³5

208 4179 274 4250 5-11
294 4161 675 4236 regni...annotanturN³
754 4164 828 4220 6de
839 4175 897 4219 tem
935 4160 1077 4219 reom.N
1158 4178 1191 4231 14
1208 4163 1268 4220 eius

171 4237 301 4308 quiuisC
361 4248 393 4304 17
406 4235 494 4306 ineo]
507 4233 607 4292 eiusR
665 4234 731 4291 licet
744 4245 772 4291 et
785 4234 867 4290 alicui
969 4235 1001 4290 18
1019 4234 1055 4291 de
1066 4235 1198 4291 thesauro
1210 4236 1269 4290 NR

172 4322 204 4364 21
224 4307 383 4378 indempnis
396 4307 534 4363 statusN
601 4305 637 4364 26
654 4305 792 4364 exofficio
804 4305 919 4378 quidam
931 4305 1024 4360 onalr‘
1101 4306 1272 4376 31regioN

171 4391 205 4450 35
224 4375 366 4449 consistit]
378 4377 500 4434 considit
512 4378 541 4433 R
