3360 5172
399 323 442 403 s4
766 320 1133 392 nascnccnmo
1380 319 1496 416 [uic

397 494 508 560 soluta
528 501 563 560 et
584 492 755 561 soluenda
800 493 868 561 Hic
889 493 990 562 etiam
1012 495 1160 562 custodit
1181 493 1409 562 contrabreuia
1430 494 1497 562 iac·

398 609 511 664 torum
525 599 569 664 ad
583 599 793 665 scaccarium.
839 597 906 663 Hic
925 600 1027 666 etiam
1045 598 1322 666 summonitiones
1338 599 1443 665 iactas
1459 608 1498 665 vt

360 702 583 788 npredictum
606 711 656 768 cst
681 703 815 788 corrigit
837 711 872 768 et
892 702 1024 788 sigillat,
1045 711 1079 768 et
1103 701 1204 792 estjei
1229 703 1324 770 labor
1349 701 1498 768 infinitus

398 816 501 892 atque
515 816 591 892 post
606 805 845 873 thesaurarium
861 808 1041 873 maximm

370 929 386 983 s
442 909 641 994 discipulus.
685 909 806 977 ‘Vtilis
827 910 881 976 bic
903 921 992 978 esset
1017 909 1126 996 magis
1146 909 1262 996 Argus
1283 931 1385 995 quam
1411 908 1498 976 Poli-

400 1011 526 1081 lemua’

441 1119 617 1204 Magister.
664 1114 812 1184 Clericus
837 1117 1083 1186 constabulario
1104 1139 1244 1204 magnus
1273 1128 1309 1185 et
1333 1117 1498 1184 officiosus

401 1223 435 1287 in
449 1223 537 1306 regis
555 1221 646 1288 curia
660 1221 703 1288 ad
722 1222 920 1289 scaccarium
943 1223 1045 1289 etiam
1062 1224 1106 1288 ad
1125 1223 1251 1288 maiora
1267 1241 1400 1307 queque
1421 1241 1498 1287 cum

401 1327 531 1412 magnis
546 1326 670 1392 ascitur
683 1335 719 1392 et
734 1346 871 1392 assensu
887 1326 956 1391 eius
971 1326 1061 1411 regia
1079 1325 1166 1392 fiunt
1180 1325 1324 1410 negotia.
1387 1325 1498 1392 Desti-

356 1453 389 1490 ιο
402 1440 500 1496 natur
527 1439 687 1496 autema
715 1449 794 1514 rege
818 1431 862 1496 ad
892 1430 1093 1497 scaccarium
1122 1451 1199 1496 cum
1226 1430 1500 1496 contrabreuibus

400 1534 444 1598 ad
459 1535 618 1601 terminos
634 1533 787 1601 scaccarii
808 1536 852 1600 de
872 1534 937 1600 hiis
958 1543 1090 1600 tanmm
1112 1554 1178 1619 que
1198 1534 1243 1599 ad
1265 1533 1389 1600 curiam
1407 1533 1499 1600 fiunt.

402 1637 469 1704 Hic
498 1637 598 1705 etiam
628 1657 705 1704 cum
734 1637 979 1704 constabulario
1005 1636 1253 1704 liberationibus
1281 1637 1426 1702 militum
1446 1635 1501 1702 vel

401 1741 625 1826 quorumlibet
660 1741 802 1806 aliorum
830 1741 981 1820 intendit,
1009 1750 1047 1806 vt
1080 1741 1265 1826 predictum
1296 1750 1356 1823 est,
1386 1751 1420 1807 et
1449 1749 1501 1806 cst

402 1846 568 1911 interdum
594 1845 794 1911 laboriosum
819 1845 901 1910 satis
926 1846 997 1910 eius
1022 1844 1168 1911 officium
1197 1843 1275 1910 licet
1299 1845 1415 1930 paucis
1440 1864 1500 1909 ex·

359 1967 388 2022 15
402 1949 571 2034 primatur.
617 1946 745 2031 Expiet
767 1955 882 2012 tamen
896 1947 977 2014 illud
996 1946 1199 2032 frequentius
1218 1968 1279 2032 per
1292 1949 1500 2033 suppositam

301 2071 304 2078 ’
402 2072 578 2136 personam
592 2049 677 2116 sicut
695 2051 917 2132 cancellarius,
935 2051 1013 2136 quia
1026 2061 1162 2137 propter
1176 2051 1303 2118 maiora
1322 2071 1391 2116 non
1406 2049 1501 2116 isole

402 2165 542 2241 possunt
564 2175 585 2220 a
605 2155 692 2239 regis
714 2155 879 2238 presentia
901 2154 1032 2240 longius
1054 2156 1111 2221 ire.
1156 2155 1213 2222 Sic
1236 2155 1339 2221 babes
1361 2154 1502 2238 disposi·
1533 2182 1538 2192 ·

403 2269 514 2325 torum
529 2258 563 2323 ia
583 2259 730 2324 mcundo
751 2257 845 2324 seddi
860 2258 904 2324 ad
926 2260 1101 2325 dmitmam
1115 2259 1314 2344 presidentis
1334 2267 1503 2342 utcunque

401 2361 580 2428 distributa
594 2359 713 2427 officia.
737 2362 840 2428 Porro
855 2363 888 2427 in
903 2362 1012 2446 capite
1026 2363 1135 2447 quarti
1158 2363 1270 2429 sedilis
1285 2363 1378 2447 quod
1394 2383 1502 2446 oppo-

359 2465 492 2530 roditur
528 2465 714 2530 iusticiariis
750 2466 873 2532 residet
904 2466 1061 2550 magister
1097 2466 1247 2532 Thomas
1279 2476 1502 2550 cognomento

368 2567 543 2638 uBrunus.
602 2568 714 2634 Huius
737 2569 782 2634 ad
808 2571 1007 2636 scaccarium
1033 2590 1101 2636 aon
1130 2569 1203 2635 vilis
1232 2580 1284 2635 est
1312 2569 1502 2635 auctoritas.

404 2671 567 2758 Magnum
582 2671 671 2738 enlm
685 2682 720 2739 et
730 2671 878 2739 validum
893 2673 970 2739 fidei
982 2673 1052 2741 eius
1066 2683 1100 2739 et
1115 2672 1320 2740 discretionis
1340 2683 1392 2739 est
1403 2693 1501 2757 argu·

404 2785 555 2842 mentum
577 2778 667 2861 quod
684 2799 705 2842 a
719 2786 789 2843 tam
805 2775 1000 2843 excellentis
1014 2777 1135 2861 ingenii
1152 2777 1297 2862 principe
1311 2776 1438 2843 electus
1450 2785 1503 2842 est

403 2890 441 2947 vt
449 2880 559 2966 pretor
567 2881 740 2965 antiquam
751 2881 1024 2947 consuetudinem
1033 2880 1168 2948 tertium
1178 2881 1300 2952 habat
1311 2879 1456 2947 rotulum
1468 2881 1502 2944 in

360 3009 390 3062 ις
403 3005 472 3068 quo
481 2985 573 3070 regni
583 2984 654 3050 iura
663 2985 815 3070 regisque
826 2995 951 3052 secreta
963 2983 1147 3052 conscribat
1156 2995 1191 3050 et
1199 2985 1341 3050 eundem
1354 3004 1456 3068 penes
1466 3003 1503 3048 se

404 3109 576 3156 reservans
595 3109 794 3174 quocunque
813 3090 955 3155 voluerit
977 3088 1113 3156 deierat
1153 3088 1269 3154 Habet
1288 3089 1392 3155 etiam
1407 3087 1503 3154 cleri-

405 3209 481 3260 cum
496 3213 594 3259 suum
610 3195 645 3257 in
661 3193 814 3260 inferiore
826 3193 1001 3273 scaccario,
1012 3192 1070 3276 qui
1085 3192 1183 3259 iuxta
1197 3191 1352 3258 clericum
1367 3191 1503 3257 thesau-

405 3297 481 3362 rarii
520 3298 668 3364 residens
696 3297 835 3365 liberam
871 3296 976 3364 habet
1007 3296 1201 3364 facultatem
1237 3296 1400 3362 scribendi
1437 3316 1503 3380 que

406 3401 608 3486 recipiuntur
629 3410 664 3467 et
685 3401 921 3484 expenduntur
942 3401 977 3466 in
999 3401 1166 3467 thesauro.

360 3534 392 3584 30
447 3504 646 3588 Disciprdus.
690 3506 863 3590 Numquid
875 3505 1013 3591 principi
1028 3505 1163 3590 cognita
1178 3513 1229 3570 est
1243 3525 1284 3570 eo
1298 3523 1403 3588 vsque
1420 3503 1504 3570 fides

405 3610 476 3676 eius
490 3617 591 3691 atque
606 3607 759 3675 discretio
777 3609 868 3694 quod
882 3609 926 3675 ad
941 3608 1005 3676 hoc
1019 3629 1104 3694 opus
1119 3608 1237 3674 merito
1247 3627 1316 3674 non
1330 3606 1504 3674 cstimmr

404 3711 488 3778 alius
503 3712 547 3776 ad
563 3709 679 3776 illum?

447 3814 622 3898 Magister.
661 3805 806 3900 Magnus
825 3814 881 3881 hic
903 3826 973 3882 erat
995 3815 1029 3880 ia
1048 3816 1160 3900 magni
1183 3815 1270 3901 regis
1292 3813 1398 3881 Siculi
1413 3811 1504 3880 curia

405 3915 548 3984 consiliis
561 3917 722 4002 prouidus
736 3927 770 3983 et
785 3919 820 3982 in
834 3919 934 4004 regiis
947 3920 1080 3984 secretis
1094 3939 1181 4004 pene
1194 3918 1377 4004 precipuus
1422 3916 1503 3983 Sur-

361 4049 392 4102 35
411 4022 499 4087 rexit
528 4021 653 4088 interea
678 4043 739 4088 rex
768 4043 875 4089 nouus
904 4024 961 4108 qui
990 4024 1165 4108 ignorabat
1193 4023 1295 4102 illum,
1315 4023 1373 4106 qui
1398 4041 1505 4108 praua

406 4125 532 4192 habens
560 4125 665 4192 latera
686 4135 815 4212 patrem
845 4128 1104 4214 persequebatur
1124 4127 1157 4191 in
1178 4127 1256 4192 suis.
1303 4124 1504 4210 compulsus

614 4360 630 4416 7
650 4346 849 4406 constabularii
864 4348 888 4404 C
1054 4349 1086 4405 18
1104 4357 1251 4419 utrumque
1263 4347 1292 4402 R
