<?xml version="1.0" encoding="UTF-8"?>
<!DOCTYPE html PUBLIC "-//W3C//DTD XHTML 1.0 Transitional//EN"
    "http://www.w3.org/TR/xhtml1/DTD/xhtml1-transitional.dtd">
<html xmlns="http://www.w3.org/1999/xhtml" xml:lang="en" lang="en">
 <head>
  <title>
</title>
<meta http-equiv="Content-Type" content="text/html;charset=utf-8" />
  <meta name='ocr-system' content='tesseract 3.04.00' />
  <meta name='ocr-capabilities' content='ocr_page ocr_carea ocr_par ocr_line ocrx_word'/>
</head>
<body>
  <div class='ocr_page' id='page_1' title='image "./denecessariisob01fitzgoog_0102.png"; bbox 0 0 3360 5172; ppageno 0'>
   <div class='ocr_carea' id='block_1_1' title="bbox 406 359 1509 451">
    <p class='ocr_par' dir='ltr' id='par_1_1' title="bbox 406 359 1509 451">
     <span class='ocr_line' id='line_1_1' title="bbox 406 359 1509 451; baseline -0.002 -21"><span class='ocrx_word' id='word_1_1' title='bbox 406 381 451 451; x_wconf 87' lang='lat'><strong>90</strong></span> <span class='ocrx_word' id='word_1_2' title='bbox 776 361 843 430; x_wconf 87' lang='lat' dir='ltr'><strong>DE</strong></span> <span class='ocrx_word' id='word_1_3' title='bbox 867 360 1141 431; x_wconf 86' lang='lat' dir='ltr'>SCACCARIO</span> <span class='ocrx_word' id='word_1_4' title='bbox 1379 359 1410 451; x_wconf 90' lang='lat'><strong>[1</strong></span> <span class='ocrx_word' id='word_1_5' title='bbox 1426 361 1509 429; x_wconf 81' lang='lat' dir='ltr'><strong>viis</strong></span> 
     </span>
    </p>
   </div>
   <div class='ocr_carea' id='block_1_2' title="bbox 348 529 1509 4244">
    <p class='ocr_par' dir='ltr' id='par_1_2' title="bbox 348 529 1509 4244">
     <span class='ocr_line' id='line_1_2' title="bbox 409 529 1509 620; baseline -0.001 -19"><span class='ocrx_word' id='word_1_6' title='bbox 409 543 582 620; x_wconf 85' lang='lat' dir='ltr'><strong>gnouerat</strong></span> <span class='ocrx_word' id='word_1_7' title='bbox 624 532 692 620; x_wconf 86' lang='lat' dir='ltr'><strong>Qui</strong></span> <span class='ocrx_word' id='word_1_8' title='bbox 701 533 942 601; x_wconf 83' lang='lat' dir='ltr'><strong>circumeuntes</strong></span> <span class='ocrx_word' id='word_1_9' title='bbox 956 541 990 600; x_wconf 93' lang='lat' dir='ltr'><strong>et</strong></span> <span class='ocrx_word' id='word_1_10' title='bbox 1005 533 1136 600; x_wconf 87' lang='lat' dir='ltr'><strong>oculata</strong></span> <span class='ocrx_word' id='word_1_11' title='bbox 1152 529 1218 599; x_wconf 88' lang='lat' dir='ltr'><strong>fide</strong></span> <span class='ocrx_word' id='word_1_12' title='bbox 1226 530 1348 598; x_wconf 82' lang='lat' dir='ltr'><strong>fundos</strong></span> <span class='ocrx_word' id='word_1_13' title='bbox 1359 531 1509 616; x_wconf 82' lang='lat' dir='ltr'><strong>singulos</strong></span> 
     </span>
     <span class='ocr_line' id='line_1_3' title="bbox 408 635 1509 722; baseline -0.001 -18"><span class='ocrx_word' id='word_1_14' title='bbox 408 638 657 722; x_wconf 80' lang='lat' dir='ltr'><strong>perlustrantes,</strong></span> <span class='ocrx_word' id='word_1_15' title='bbox 686 637 801 704; x_wconf 87' lang='lat' dir='ltr'><strong>habita</strong></span> <span class='ocrx_word' id='word_1_16' title='bbox 833 637 1043 704; x_wconf 80' lang='lat' dir='ltr'><strong>estimatione</strong></span> <span class='ocrx_word' id='word_1_17' title='bbox 1063 635 1254 703; x_wconf 76' lang='lat' dir='ltr'><strong>victualium</strong></span> <span class='ocrx_word' id='word_1_18' title='bbox 1282 656 1350 720; x_wconf 90' lang='lat' dir='ltr'><strong>que</strong></span> <span class='ocrx_word' id='word_1_19' title='bbox 1377 637 1427 702; x_wconf 88' lang='lat' dir='ltr'><strong>de·</strong></span> <span class='ocrx_word' id='word_1_20' title='bbox 1443 637 1509 703; x_wconf 88' lang='lat' dir='ltr'><strong>biis</strong></span> 
     </span>
     <span class='ocr_line' id='line_1_4' title="bbox 407 739 1508 826; baseline -0.002 -18"><span class='ocrx_word' id='word_1_21' title='bbox 407 741 632 820; x_wconf 69' lang='lat' dir='ltr'><strong>sumebantur,</strong></span> <span class='ocrx_word' id='word_1_22' title='bbox 668 742 866 826; x_wconf 84' lang='lat' dir='ltr'><strong>redegerunt</strong></span> <span class='ocrx_word' id='word_1_23' title='bbox 902 742 934 806; x_wconf 87' lang='lat' dir='ltr'><strong>in</strong></span> <span class='ocrx_word' id='word_1_24' title='bbox 970 760 1136 806; x_wconf 85' lang='lat' dir='ltr'><strong>summam</strong></span> <span class='ocrx_word' id='word_1_25' title='bbox 1172 739 1390 806; x_wconf 85' lang='lat' dir='ltr'><strong>denariorum.</strong></span> <span class='ocrx_word' id='word_1_26' title='bbox 1453 740 1508 806; x_wconf 92' lang='lat' dir='ltr'><strong>De</strong></span> 
     </span>
     <span class='ocr_line' id='line_1_5' title="bbox 406 842 1508 929; baseline -0.001 -18"><span class='ocrx_word' id='word_1_27' title='bbox 406 866 537 911; x_wconf 88' lang='lat' dir='ltr'><strong>summa</strong></span> <span class='ocrx_word' id='word_1_28' title='bbox 558 867 637 912; x_wconf 87' lang='lat' dir='ltr'><strong>vero</strong></span> <span class='ocrx_word' id='word_1_29' title='bbox 659 865 863 912; x_wconf 89' lang='lat' dir='ltr'><strong>summarum</strong></span> <span class='ocrx_word' id='word_1_30' title='bbox 885 864 951 929; x_wconf 93' lang='lat' dir='ltr'><strong>que</strong></span> <span class='ocrx_word' id='word_1_31' title='bbox 971 865 1016 912; x_wconf 87' lang='lat' dir='ltr'><strong>ex</strong></span> <span class='ocrx_word' id='word_1_32' title='bbox 1037 844 1193 910; x_wconf 89' lang='lat' dir='ltr'><strong>omnibus</strong></span> <span class='ocrx_word' id='word_1_33' title='bbox 1216 842 1324 909; x_wconf 80' lang='lat' dir='ltr'><strong>lundis</strong></span> <span class='ocrx_word' id='word_1_34' title='bbox 1347 843 1508 927; x_wconf 86' lang='lat' dir='ltr'><strong>surgebat</strong></span> 
     </span>
     <span class='ocr_line' id='line_1_6' title="bbox 378 946 1506 1028; baseline 0 -14"><span class='ocrx_word' id='word_1_35' title='bbox 378 961 393 1014; x_wconf 76' lang='lat' dir='ltr'><strong>t</strong></span> <span class='ocrx_word' id='word_1_36' title='bbox 406 948 442 1013; x_wconf 93' lang='lat' dir='ltr'><strong>in</strong></span> <span class='ocrx_word' id='word_1_37' title='bbox 456 949 524 1014; x_wconf 91' lang='lat' dir='ltr'><strong>un&#39;o</strong></span> <span class='ocrx_word' id='word_1_38' title='bbox 539 949 710 1028; x_wconf 90' lang='lat' dir='ltr'><strong>comitatu,</strong></span> <span class='ocrx_word' id='word_1_39' title='bbox 725 949 968 1016; x_wconf 87' lang='lat' dir='ltr'><strong>constituerunt</strong></span> <span class='ocrx_word' id='word_1_40' title='bbox 982 947 1211 1014; x_wconf 86' lang='lat' dir='ltr'><strong>vicecomitem</strong></span> <span class='ocrx_word' id='word_1_41' title='bbox 1227 946 1313 1012; x_wconf 89' lang='lat' dir='ltr'><strong>illius</strong></span> <span class='ocrx_word' id='word_1_42' title='bbox 1328 949 1506 1014; x_wconf 89' lang='lat' dir='ltr'><strong>comitatus</strong></span> 
     </span>
     <span class='ocr_line' id='line_1_7' title="bbox 405 1049 1505 1132; baseline -0.002 -14"><span class='ocrx_word' id='word_1_43' title='bbox 405 1053 450 1118; x_wconf 91' lang='lat' dir='ltr'><strong>ad</strong></span> <span class='ocrx_word' id='word_1_44' title='bbox 470 1053 670 1119; x_wconf 78' lang='lat' dir='ltr'><strong>scaccarium</strong></span> <span class='ocrx_word' id='word_1_45' title='bbox 692 1053 808 1132; x_wconf 91' lang='lat' dir='ltr'><strong>teneri,</strong></span> <span class='ocrx_word' id='word_1_46' title='bbox 822 1052 984 1118; x_wconf 81' lang='lat' dir='ltr'><strong>addentes</strong></span> <span class='ocrx_word' id='word_1_47' title='bbox 1003 1061 1040 1117; x_wconf 89' lang='lat' dir='ltr'><strong>vt</strong></span> <span class='ocrx_word' id='word_1_48' title='bbox 1061 1053 1106 1118; x_wconf 89' lang='lat' dir='ltr'><strong>ad</strong></span> <span class='ocrx_word' id='word_1_49' title='bbox 1128 1049 1252 1116; x_wconf 90' lang='lat' dir='ltr'><strong>scalam</strong></span> <span class='ocrx_word' id='word_1_50' title='bbox 1274 1049 1425 1128; x_wconf 79' lang='lat' dir='ltr'><strong>solueret,</strong></span> <span class='ocrx_word' id='word_1_51' title='bbox 1439 1049 1505 1117; x_wconf 90' lang='lat' dir='ltr'><strong>hoc</strong></span> 
     </span>
     <span class='ocr_line' id='line_1_8' title="bbox 405 1153 1504 1241; baseline 0 -21"><span class='ocrx_word' id='word_1_52' title='bbox 405 1165 456 1220; x_wconf 88' lang='lat' dir='ltr'><strong>est</strong></span> <span class='ocrx_word' id='word_1_53' title='bbox 473 1165 583 1239; x_wconf 88' lang='lat' dir='ltr'><strong>preter</strong></span> <span class='ocrx_word' id='word_1_54' title='bbox 597 1155 781 1241; x_wconf 88' lang='lat' dir='ltr'><strong>quamlibet</strong></span> <span class='ocrx_word' id='word_1_55' title='bbox 800 1165 1006 1221; x_wconf 87' lang='lat' dir='ltr'><strong>numeratam</strong></span> <span class='ocrx_word' id='word_1_56' title='bbox 1021 1153 1140 1220; x_wconf 87' lang='lat' dir='ltr'><strong>libram</strong></span> <span class='ocrx_word' id='word_1_57' title='bbox 1155 1155 1197 1219; x_wconf 86' lang='lat' dir='ltr'><strong>vi.</strong></span> <span class='ocrx_word' id='word_1_58' title='bbox 1213 1153 1378 1221; x_wconf 87' lang='lat' dir='ltr'><strong>denarios.</strong></span> <span class='ocrx_word' id='word_1_59' title='bbox 1423 1154 1504 1220; x_wconf 90' lang='lat' dir='ltr'><strong>Rati</strong></span> 
     </span>
     <span class='ocr_line' id='line_1_9' title="bbox 405 1256 1504 1344; baseline 0.001 -21"><span class='ocrx_word' id='word_1_60' title='bbox 405 1269 482 1324; x_wconf 91' lang='lat' dir='ltr'><strong>sunt</strong></span> <span class='ocrx_word' id='word_1_61' title='bbox 502 1260 591 1325; x_wconf 88' lang='lat' dir='ltr'><strong>enim</strong></span> <span class='ocrx_word' id='word_1_62' title='bbox 610 1269 718 1326; x_wconf 88' lang='lat' dir='ltr'><strong>tractu</strong></span> <span class='ocrx_word' id='word_1_63' title='bbox 739 1258 898 1344; x_wconf 87' lang='lat' dir='ltr'><strong>temporis</strong></span> <span class='ocrx_word' id='word_1_64' title='bbox 917 1260 960 1324; x_wconf 94' lang='lat' dir='ltr'><strong>de</strong></span> <span class='ocrx_word' id='word_1_65' title='bbox 979 1256 1074 1324; x_wconf 80' lang='lat' dir='ltr'><strong>facile</strong></span> <span class='ocrx_word' id='word_1_66' title='bbox 1096 1278 1195 1342; x_wconf 87' lang='lat' dir='ltr'><strong>posse</strong></span> <span class='ocrx_word' id='word_1_67' title='bbox 1218 1256 1287 1323; x_wconf 89' lang='lat' dir='ltr'><strong>fieri</strong></span> <span class='ocrx_word' id='word_1_68' title='bbox 1310 1267 1348 1322; x_wconf 89' lang='lat' dir='ltr'><strong>vt</strong></span> <span class='ocrx_word' id='word_1_69' title='bbox 1369 1267 1504 1324; x_wconf 90' lang='lat' dir='ltr'><strong>moneta</strong></span> 
     </span>
     <span class='ocr_line' id='line_1_10' title="bbox 405 1360 1502 1446; baseline -0.001 -19"><span class='ocrx_word' id='word_1_70' title='bbox 405 1371 484 1428; x_wconf 91' lang='lat' dir='ltr'><strong>tunc</strong></span> <span class='ocrx_word' id='word_1_71' title='bbox 503 1363 597 1428; x_wconf 84' lang='lat' dir='ltr'><strong>sortis</strong></span> <span class='ocrx_word' id='word_1_72' title='bbox 616 1383 637 1428; x_wconf 90' lang='lat' dir='ltr'><strong>a</strong></span> <span class='ocrx_word' id='word_1_73' title='bbox 656 1383 719 1429; x_wconf 91' lang='lat' dir='ltr'><strong>suo</strong></span> <span class='ocrx_word' id='word_1_74' title='bbox 739 1372 828 1430; x_wconf 87' lang='lat' dir='ltr'><strong>statu</strong></span> <span class='ocrx_word' id='word_1_75' title='bbox 848 1361 1024 1428; x_wconf 89' lang='lat' dir='ltr'><strong>decideret.</strong></span> <span class='ocrx_word' id='word_1_76' title='bbox 1068 1362 1141 1427; x_wconf 91' lang='lat' dir='ltr'><strong>Nec</strong></span> <span class='ocrx_word' id='word_1_77' title='bbox 1163 1382 1221 1427; x_wconf 91' lang='lat' dir='ltr'><strong>eos</strong></span> <span class='ocrx_word' id='word_1_78' title='bbox 1242 1360 1358 1427; x_wconf 83' lang='lat' dir='ltr'><strong>fefellit</strong></span> <span class='ocrx_word' id='word_1_79' title='bbox 1380 1363 1502 1446; x_wconf 87' lang='lat' dir='ltr'><strong>opinio.</strong></span> 
     </span>
     <span class='ocr_line' id='line_1_11' title="bbox 359 1464 1502 1534; baseline 0 -4"><span class='ocrx_word' id='word_1_80' title='bbox 359 1479 392 1518; x_wconf 70' lang='lat'><strong>10</strong></span> <span class='ocrx_word' id='word_1_81' title='bbox 403 1464 502 1531; x_wconf 89' lang='lat' dir='ltr'><strong>Vnde</strong></span> <span class='ocrx_word' id='word_1_82' title='bbox 525 1466 633 1534; x_wconf 90' lang='lat' dir='ltr'><strong>coacti</strong></span> <span class='ocrx_word' id='word_1_83' title='bbox 658 1476 735 1533; x_wconf 89' lang='lat' dir='ltr'><strong>sunt</strong></span> <span class='ocrx_word' id='word_1_84' title='bbox 758 1467 958 1533; x_wconf 89' lang='lat' dir='ltr'><strong>constituere</strong></span> <span class='ocrx_word' id='word_1_85' title='bbox 980 1475 1016 1530; x_wconf 89' lang='lat' dir='ltr'><strong>vt</strong></span> <span class='ocrx_word' id='word_1_86' title='bbox 1037 1465 1169 1531; x_wconf 89' lang='lat' dir='ltr'><strong>firmam</strong></span> <span class='ocrx_word' id='word_1_87' title='bbox 1192 1466 1413 1531; x_wconf 90' lang='lat' dir='ltr'><strong>maneriorum</strong></span> <span class='ocrx_word' id='word_1_88' title='bbox 1435 1486 1502 1532; x_wconf 90' lang='lat' dir='ltr'><strong>non</strong></span> 
     </span>
     <span class='ocr_line' id='line_1_12' title="bbox 403 1568 1503 1655; baseline 0.001 -21"><span class='ocrx_word' id='word_1_89' title='bbox 403 1568 512 1634; x_wconf 90' lang='lat' dir='ltr'><strong>solum</strong></span> <span class='ocrx_word' id='word_1_90' title='bbox 538 1570 582 1636; x_wconf 92' lang='lat' dir='ltr'><strong>ad</strong></span> <span class='ocrx_word' id='word_1_91' title='bbox 607 1570 730 1636; x_wconf 89' lang='lat' dir='ltr'><strong>scalam</strong></span> <span class='ocrx_word' id='word_1_92' title='bbox 755 1571 815 1636; x_wconf 90' lang='lat' dir='ltr'><strong>sed</strong></span> <span class='ocrx_word' id='word_1_93' title='bbox 841 1570 885 1635; x_wconf 93' lang='lat' dir='ltr'><strong>ad</strong></span> <span class='ocrx_word' id='word_1_94' title='bbox 908 1588 1048 1654; x_wconf 87' lang='lat' dir='ltr'><strong>pensum</strong></span> <span class='ocrx_word' id='word_1_95' title='bbox 1074 1568 1257 1634; x_wconf 88' lang='lat' dir='ltr'><strong>solueretur</strong></span> <span class='ocrx_word' id='word_1_96' title='bbox 1278 1571 1369 1654; x_wconf 91' lang='lat' dir='ltr'><strong>quod</strong></span> <span class='ocrx_word' id='word_1_97' title='bbox 1390 1569 1503 1655; x_wconf 86' lang='lat' dir='ltr'><strong>perfici</strong></span> 
     </span>
     <span class='ocr_line' id='line_1_13' title="bbox 367 1671 1503 1758; baseline 0.002 -23"><span class='ocrx_word' id='word_1_98' title='bbox 367 1682 472 1738; x_wconf 87' lang='lat' dir='ltr'><strong>cnon</strong></span> <span class='ocrx_word' id='word_1_99' title='bbox 491 1682 622 1757; x_wconf 88' lang='lat' dir='ltr'><strong>poterat</strong></span> <span class='ocrx_word' id='word_1_100' title='bbox 641 1675 704 1738; x_wconf 88' lang='lat' dir='ltr'><strong>nisi</strong></span> <span class='ocrx_word' id='word_1_101' title='bbox 725 1673 824 1758; x_wconf 84' lang='lat' dir='ltr'><strong>longe</strong></span> <span class='ocrx_word' id='word_1_102' title='bbox 844 1673 993 1757; x_wconf 88' lang='lat' dir='ltr'><strong>pluribus</strong></span> <span class='ocrx_word' id='word_1_103' title='bbox 1009 1671 1177 1758; x_wconf 79' lang='lat' dir='ltr'><strong>appositis</strong></span> <span class='ocrx_word' id='word_1_104' title='bbox 1222 1671 1426 1739; x_wconf 86' lang='lat' dir='ltr'><strong>Seruabatur</strong></span> <span class='ocrx_word' id='word_1_105' title='bbox 1442 1693 1503 1758; x_wconf 85' lang='lat' dir='ltr'><strong>per</strong></span> 
     </span>
     <span class='ocr_line' id='line_1_14' title="bbox 402 1775 1502 1861; baseline 0.001 -20"><span class='ocrx_word' id='word_1_106' title='bbox 402 1775 513 1861; x_wconf 88' lang='lat' dir='ltr'><strong>plures</strong></span> <span class='ocrx_word' id='word_1_107' title='bbox 544 1797 650 1842; x_wconf 89' lang='lat' dir='ltr'><strong>annos</strong></span> <span class='ocrx_word' id='word_1_108' title='bbox 677 1777 721 1843; x_wconf 89' lang='lat' dir='ltr'><strong>ad</strong></span> <span class='ocrx_word' id='word_1_109' title='bbox 751 1777 950 1843; x_wconf 86' lang='lat' dir='ltr'><strong>scaccarium</strong></span> <span class='ocrx_word' id='word_1_110' title='bbox 985 1777 1043 1842; x_wconf 84' lang='lat' dir='ltr'><strong>lex</strong></span> <span class='ocrx_word' id='word_1_111' title='bbox 1074 1775 1171 1843; x_wconf 91' lang='lat' dir='ltr'><strong>huius</strong></span> <span class='ocrx_word' id='word_1_112' title='bbox 1203 1775 1386 1854; x_wconf 86' lang='lat' dir='ltr'><strong>solutionis,</strong></span> <span class='ocrx_word' id='word_1_113' title='bbox 1415 1777 1502 1842; x_wconf 87' lang='lat' dir='ltr'><strong>vnde</strong></span> 
     </span>
     <span class='ocr_line' id='line_1_15' title="bbox 402 1878 1501 1966; baseline -0.001 -21"><span class='ocrx_word' id='word_1_114' title='bbox 402 1879 591 1966; x_wconf 79' lang='lat' dir='ltr'><strong>frequenter</strong></span> <span class='ocrx_word' id='word_1_115' title='bbox 606 1881 640 1945; x_wconf 91' lang='lat' dir='ltr'><strong>in</strong></span> <span class='ocrx_word' id='word_1_116' title='bbox 654 1881 820 1947; x_wconf 87' lang='lat' dir='ltr'><strong>veteribus</strong></span> <span class='ocrx_word' id='word_1_117' title='bbox 834 1882 1007 1947; x_wconf 86' lang='lat' dir='ltr'><strong>annalibus</strong></span> <span class='ocrx_word' id='word_1_118' title='bbox 1022 1878 1137 1946; x_wconf 88' lang='lat' dir='ltr'><strong>rotulis</strong></span> <span class='ocrx_word' id='word_1_119' title='bbox 1152 1881 1239 1962; x_wconf 82' lang='lat' dir='ltr'><strong>regis</strong></span> <span class='ocrx_word' id='word_1_120' title='bbox 1254 1879 1340 1944; x_wconf 89' lang='lat' dir='ltr'><strong>illius</strong></span> <span class='ocrx_word' id='word_1_121' title='bbox 1354 1879 1501 1945; x_wconf 88' lang='lat' dir='ltr'><strong>inuenies</strong></span> 
     </span>
     <span class='ocr_line' id='line_1_16' title="bbox 357 1980 1501 2069; baseline 0.001 -20"><span class='ocrx_word' id='word_1_122' title='bbox 357 1995 388 2049; x_wconf 69' lang='grc' dir='ltr'><strong>ι5</strong></span> <span class='ocrx_word' id='word_1_123' title='bbox 402 1985 563 2069; x_wconf 88' lang='lat' dir='ltr'><strong>scriptum</strong></span> <span class='ocrx_word' id='word_1_124' title='bbox 579 1985 639 2050; x_wconf 88' lang='lat' dir='ltr'><strong>‘In</strong></span> <span class='ocrx_word' id='word_1_125' title='bbox 655 1985 810 2051; x_wconf 88' lang='lat' dir='ltr'><strong>thesauro</strong></span> <span class='ocrx_word' id='word_1_126' title='bbox 824 2007 852 2052; x_wconf 91' lang='lat' dir='ltr'><strong>c.</strong></span> <span class='ocrx_word' id='word_1_127' title='bbox 868 1984 968 2051; x_wconf 87' lang='lat' dir='ltr'><strong>libras</strong></span> <span class='ocrx_word' id='word_1_128' title='bbox 986 1985 1030 2051; x_wconf 91' lang='lat' dir='ltr'><strong>ad</strong></span> <span class='ocrx_word' id='word_1_129' title='bbox 1045 1980 1186 2050; x_wconf 86' lang='lat' dir='ltr'><strong>scalam’</strong></span> <span class='ocrx_word' id='word_1_130' title='bbox 1202 1982 1255 2048; x_wconf 90' lang='lat' dir='ltr'><strong>vel</strong></span> <span class='ocrx_word' id='word_1_131' title='bbox 1271 1981 1330 2047; x_wconf 84' lang='lat' dir='ltr'><strong>‘Iu</strong></span> <span class='ocrx_word' id='word_1_132' title='bbox 1344 1982 1501 2050; x_wconf 89' lang='lat' dir='ltr'><strong>thesauro</strong></span> 
     </span>
     <span class='ocr_line' id='line_1_17' title="bbox 401 2086 1500 2173; baseline 0.001 -20"><span class='ocrx_word' id='word_1_133' title='bbox 401 2107 429 2153; x_wconf 94' lang='lat' dir='ltr'><strong>c.</strong></span> <span class='ocrx_word' id='word_1_134' title='bbox 446 2086 546 2154; x_wconf 89' lang='lat' dir='ltr'><strong>libras</strong></span> <span class='ocrx_word' id='word_1_135' title='bbox 556 2089 600 2154; x_wconf 89' lang='lat' dir='ltr'><strong>ad</strong></span> <span class='ocrx_word' id='word_1_136' title='bbox 612 2087 770 2171; x_wconf 69' lang='lat' dir='ltr'><strong>pensum!</strong></span> <span class='ocrx_word' id='word_1_137' title='bbox 813 2087 968 2155; x_wconf 81' lang='lat' dir='ltr'><strong>Surrexit</strong></span> <span class='ocrx_word' id='word_1_138' title='bbox 987 2089 1114 2155; x_wconf 88' lang='lat' dir='ltr'><strong>interea</strong></span> <span class='ocrx_word' id='word_1_139' title='bbox 1127 2089 1177 2152; x_wconf 87' lang='lat' dir='ltr'><strong>vir</strong></span> <span class='ocrx_word' id='word_1_140' title='bbox 1190 2089 1342 2173; x_wconf 87' lang='lat' dir='ltr'><strong>prudens,</strong></span> <span class='ocrx_word' id='word_1_141' title='bbox 1356 2086 1500 2154; x_wconf 90' lang='lat' dir='ltr'><strong>consiliis</strong></span> 
     </span>
     <span class='ocr_line' id='line_1_18' title="bbox 400 2191 1500 2276; baseline 0 -19"><span class='ocrx_word' id='word_1_142' title='bbox 400 2192 568 2276; x_wconf 89' lang='lat' dir='ltr'><strong>prouidus,</strong></span> <span class='ocrx_word' id='word_1_143' title='bbox 583 2211 733 2258; x_wconf 87' lang='lat' dir='ltr'><strong>sermone</strong></span> <span class='ocrx_word' id='word_1_144' title='bbox 755 2191 898 2259; x_wconf 90' lang='lat' dir='ltr'><strong>disertus</strong></span> <span class='ocrx_word' id='word_1_145' title='bbox 920 2203 955 2258; x_wconf 89' lang='lat' dir='ltr'><strong>et</strong></span> <span class='ocrx_word' id='word_1_146' title='bbox 977 2193 1019 2258; x_wconf 90' lang='lat' dir='ltr'><strong>ad</strong></span> <span class='ocrx_word' id='word_1_147' title='bbox 1043 2191 1192 2257; x_wconf 88' lang='lat' dir='ltr'><strong>maxima</strong></span> <span class='ocrx_word' id='word_1_148' title='bbox 1212 2210 1345 2276; x_wconf 89' lang='lat' dir='ltr'><strong>queque</strong></span> <span class='ocrx_word' id='word_1_149' title='bbox 1366 2192 1500 2275; x_wconf 86' lang='lat' dir='ltr'><strong>negotia</strong></span> 
     </span>
     <span class='ocr_line' id='line_1_19' title="bbox 399 2295 1499 2388; baseline 0.001 -29"><span class='ocrx_word' id='word_1_150' title='bbox 399 2315 459 2378; x_wconf 88' lang='lat' dir='ltr'><strong>per</strong></span> <span class='ocrx_word' id='word_1_151' title='bbox 482 2295 535 2360; x_wconf 88' lang='lat' dir='ltr'><strong>dci</strong></span> <span class='ocrx_word' id='word_1_152' title='bbox 562 2295 703 2378; x_wconf 85' lang='lat' dir='ltr'><strong>gratiam</strong></span> <span class='ocrx_word' id='word_1_153' title='bbox 729 2305 864 2388; x_wconf 86' lang='lat' dir='ltr'><strong>repente</strong></span> <span class='ocrx_word' id='word_1_154' title='bbox 887 2297 1071 2381; x_wconf 89' lang='lat' dir='ltr'><strong>precipuus.</strong></span> <span class='ocrx_word' id='word_1_155' title='bbox 1117 2295 1254 2361; x_wconf 87' lang='lat' dir='ltr'><strong>Diceres</strong></span> <span class='ocrx_word' id='word_1_156' title='bbox 1279 2295 1314 2358; x_wconf 93' lang='lat' dir='ltr'><strong>in</strong></span> <span class='ocrx_word' id='word_1_157' title='bbox 1340 2315 1381 2360; x_wconf 89' lang='lat' dir='ltr'><strong>eo</strong></span> <span class='ocrx_word' id='word_1_158' title='bbox 1407 2313 1499 2360; x_wconf 90' lang='lat' dir='ltr'><strong>com·</strong></span> 
     </span>
     <span class='ocr_line' id='line_1_20' title="bbox 398 2396 1499 2483; baseline 0 -21"><span class='ocrx_word' id='word_1_159' title='bbox 398 2396 526 2481; x_wconf 90' lang='lat' dir='ltr'><strong>pletum</strong></span> <span class='ocrx_word' id='word_1_160' title='bbox 546 2399 636 2481; x_wconf 88' lang='lat' dir='ltr'><strong>quod</strong></span> <span class='ocrx_word' id='word_1_161' title='bbox 657 2399 815 2483; x_wconf 89' lang='lat' dir='ltr'><strong>scriptum</strong></span> <span class='ocrx_word' id='word_1_162' title='bbox 837 2408 888 2466; x_wconf 88' lang='lat' dir='ltr'><strong>est</strong></span> <span class='ocrx_word' id='word_1_163' title='bbox 902 2400 1039 2466; x_wconf 89' lang='lat' dir='ltr'><strong>‘Nescit</strong></span> <span class='ocrx_word' id='word_1_164' title='bbox 1058 2400 1155 2466; x_wconf 88' lang='lat' dir='ltr'><strong>tarda</strong></span> <span class='ocrx_word' id='word_1_165' title='bbox 1176 2397 1349 2464; x_wconf 89' lang='lat' dir='ltr'><strong>molimina</strong></span> <span class='ocrx_word' id='word_1_166' title='bbox 1366 2399 1499 2483; x_wconf 89' lang='lat' dir='ltr'><strong>spiritus</strong></span> 
     </span>
     <span class='ocr_line' id='line_1_21' title="bbox 356 2498 1498 2587; baseline 0.002 -21"><span class='ocrx_word' id='word_1_167' title='bbox 356 2501 503 2567; x_wconf 69' lang='lat' dir='ltr'><strong>nosancti</strong></span> <span class='ocrx_word' id='word_1_168' title='bbox 524 2498 653 2586; x_wconf 65' lang='lat' dir='ltr'><strong>gratia?</strong></span> <span class='ocrx_word' id='word_1_169' title='bbox 701 2502 769 2568; x_wconf 92' lang='lat' dir='ltr'><strong>Hic</strong></span> <span class='ocrx_word' id='word_1_170' title='bbox 798 2503 842 2569; x_wconf 90' lang='lat' dir='ltr'><strong>ab</strong></span> <span class='ocrx_word' id='word_1_171' title='bbox 871 2504 990 2569; x_wconf 88' lang='lat' dir='ltr'><strong>eodem</strong></span> <span class='ocrx_word' id='word_1_172' title='bbox 1021 2523 1099 2587; x_wconf 87' lang='lat' dir='ltr'><strong>rege</strong></span> <span class='ocrx_word' id='word_1_173' title='bbox 1127 2514 1265 2569; x_wconf 88' lang='lat' dir='ltr'><strong>vocatus</strong></span> <span class='ocrx_word' id='word_1_174' title='bbox 1294 2503 1339 2567; x_wconf 87' lang='lat' dir='ltr'><strong>ad</strong></span> <span class='ocrx_word' id='word_1_175' title='bbox 1364 2504 1498 2580; x_wconf 88' lang='lat' dir='ltr'><strong>curiam,</strong></span> 
     </span>
     <span class='ocr_line' id='line_1_22' title="bbox 398 2604 1497 2692; baseline 0.003 -23"><span class='ocrx_word' id='word_1_176' title='bbox 398 2604 476 2670; x_wconf 89' lang='lat' dir='ltr'><strong>licet</strong></span> <span class='ocrx_word' id='word_1_177' title='bbox 499 2605 634 2689; x_wconf 86' lang='lat' dir='ltr'><strong>ignotus</strong></span> <span class='ocrx_word' id='word_1_178' title='bbox 657 2626 724 2670; x_wconf 92' lang='lat' dir='ltr'><strong>non</strong></span> <span class='ocrx_word' id='word_1_179' title='bbox 747 2616 859 2672; x_wconf 88' lang='lat' dir='ltr'><strong>tamen</strong></span> <span class='ocrx_word' id='word_1_180' title='bbox 882 2605 1044 2692; x_wconf 83' lang='lat' dir='ltr'><strong>ignobilis,</strong></span> <span class='ocrx_word' id='word_1_181' title='bbox 1066 2627 1126 2673; x_wconf 90' lang='lat' dir='ltr'><strong>suo</strong></span> <span class='ocrx_word' id='word_1_182' title='bbox 1147 2606 1320 2692; x_wconf 89' lang='lat' dir='ltr'><strong>perdocuit</strong></span> <span class='ocrx_word' id='word_1_183' title='bbox 1338 2605 1497 2690; x_wconf 86' lang='lat' dir='ltr'><strong>exemplo</strong></span> 
     </span>
     <span class='ocr_line' id='line_1_23' title="bbox 400 2707 1497 2794; baseline 0.002 -22"><span class='ocrx_word' id='word_1_184' title='bbox 400 2708 599 2794; x_wconf 86' lang='lat' dir='ltr'><strong>‘Paupertas</strong></span> <span class='ocrx_word' id='word_1_185' title='bbox 620 2710 729 2775; x_wconf 88' lang='lat' dir='ltr'><strong>tenuis</strong></span> <span class='ocrx_word' id='word_1_186' title='bbox 750 2731 852 2794; x_wconf 88' lang='lat' dir='ltr'><strong>quam</strong></span> <span class='ocrx_word' id='word_1_187' title='bbox 874 2713 917 2776; x_wconf 90' lang='lat' dir='ltr'><strong>sit</strong></span> <span class='ocrx_word' id='word_1_188' title='bbox 940 2710 1078 2778; x_wconf 85' lang='lat' dir='ltr'><strong>fecunda</strong></span> <span class='ocrx_word' id='word_1_189' title='bbox 1093 2707 1257 2776; x_wconf 71' lang='lat' dir='ltr'><strong>virorum!</strong></span> <span class='ocrx_word' id='word_1_190' title='bbox 1303 2709 1369 2775; x_wconf 89' lang='lat' dir='ltr'><strong>Hic</strong></span> <span class='ocrx_word' id='word_1_191' title='bbox 1389 2709 1497 2794; x_wconf 82' lang='lat' dir='ltr'><strong>igitur,</strong></span> 
     </span>
     <span class='ocr_line' id='line_1_24' title="bbox 397 2812 1498 2900; baseline 0.003 -23"><span class='ocrx_word' id='word_1_192' title='bbox 397 2823 623 2878; x_wconf 87' lang='lat' dir='ltr'><strong>succrescente</strong></span> <span class='ocrx_word' id='word_1_193' title='bbox 648 2814 683 2877; x_wconf 91' lang='lat' dir='ltr'><strong>in</strong></span> <span class='ocrx_word' id='word_1_194' title='bbox 708 2834 784 2880; x_wconf 90' lang='lat' dir='ltr'><strong>eum</strong></span> <span class='ocrx_word' id='word_1_195' title='bbox 813 2815 969 2900; x_wconf 84' lang='lat' dir='ltr'><strong>principis</strong></span> <span class='ocrx_word' id='word_1_196' title='bbox 996 2835 1035 2882; x_wconf 92' lang='lat' dir='ltr'><strong>ac</strong></span> <span class='ocrx_word' id='word_1_197' title='bbox 1060 2813 1139 2882; x_wconf 90' lang='lat' dir='ltr'><strong>cleri</strong></span> <span class='ocrx_word' id='word_1_198' title='bbox 1165 2813 1346 2898; x_wconf 89' lang='lat' dir='ltr'><strong>populique</strong></span> <span class='ocrx_word' id='word_1_199' title='bbox 1373 2812 1498 2892; x_wconf 79' lang='lat' dir='ltr'><strong>fauore,</strong></span> 
     </span>
     <span class='ocr_line' id='line_1_25' title="bbox 398 2914 1497 3003; baseline 0.001 -22"><span class='ocrx_word' id='word_1_200' title='bbox 398 2914 655 2983; x_wconf 86' lang='lat' dir='ltr'><strong>Saresberiensis</strong></span> <span class='ocrx_word' id='word_1_201' title='bbox 677 2917 853 3002; x_wconf 89' lang='lat' dir='ltr'><strong>episcopus</strong></span> <span class='ocrx_word' id='word_1_202' title='bbox 875 2915 989 2996; x_wconf 83' lang='lat' dir='ltr'><strong>iactus,</strong></span> <span class='ocrx_word' id='word_1_203' title='bbox 1013 2917 1171 2985; x_wconf 89' lang='lat' dir='ltr'><strong>maximis</strong></span> <span class='ocrx_word' id='word_1_204' title='bbox 1192 2919 1226 2982; x_wconf 94' lang='lat' dir='ltr'><strong>in</strong></span> <span class='ocrx_word' id='word_1_205' title='bbox 1253 2938 1354 3002; x_wconf 83' lang='lat' dir='ltr'><strong>regno</strong></span> <span class='ocrx_word' id='word_1_206' title='bbox 1380 2915 1497 3003; x_wconf 85' lang='lat' dir='ltr'><strong>iunge·</strong></span> 
     </span>
     <span class='ocr_line' id='line_1_26' title="bbox 353 3017 1498 3108; baseline -0.004 -18"><span class='ocrx_word' id='word_1_207' title='bbox 353 3035 384 3090; x_wconf 78' lang='lat'><strong>25</strong></span> <span class='ocrx_word' id='word_1_208' title='bbox 397 3017 495 3085; x_wconf 89' lang='lat' dir='ltr'><strong>batur</strong></span> <span class='ocrx_word' id='word_1_209' title='bbox 509 3019 622 3085; x_wconf 86' lang='lat' dir='ltr'><strong>officiis</strong></span> <span class='ocrx_word' id='word_1_210' title='bbox 639 3031 673 3087; x_wconf 90' lang='lat' dir='ltr'><strong>et</strong></span> <span class='ocrx_word' id='word_1_211' title='bbox 692 3022 874 3088; x_wconf 90' lang='lat' dir='ltr'><strong>honoribus</strong></span> <span class='ocrx_word' id='word_1_212' title='bbox 892 3030 926 3087; x_wconf 91' lang='lat' dir='ltr'><strong>et</strong></span> <span class='ocrx_word' id='word_1_213' title='bbox 946 3022 988 3088; x_wconf 93' lang='lat' dir='ltr'><strong>de</strong></span> <span class='ocrx_word' id='word_1_214' title='bbox 1003 3022 1165 3089; x_wconf 86' lang='lat' dir='ltr'><strong>scaccario</strong></span> <span class='ocrx_word' id='word_1_215' title='bbox 1184 3021 1362 3108; x_wconf 91' lang='lat' dir='ltr'><strong>plurimam</strong></span> <span class='ocrx_word' id='word_1_216' title='bbox 1380 3020 1498 3086; x_wconf 88' lang='lat' dir='ltr'><strong>habuit</strong></span> 
     </span>
     <span class='ocr_line' id='line_1_27' title="bbox 395 3125 1496 3210; baseline 0.001 -22"><span class='ocrx_word' id='word_1_217' title='bbox 395 3125 591 3204; x_wconf 66' lang='lat' dir='ltr'><strong>scientiam</strong></span> <span class='ocrx_word' id='word_1_218' title='bbox 615 3127 701 3192; x_wconf 88' lang='lat' dir='ltr'><strong>adeo</strong></span> <span class='ocrx_word' id='word_1_219' title='bbox 723 3135 759 3190; x_wconf 89' lang='lat' dir='ltr'><strong>vt</strong></span> <span class='ocrx_word' id='word_1_220' title='bbox 772 3146 841 3191; x_wconf 88' lang='lat' dir='ltr'><strong>non</strong></span> <span class='ocrx_word' id='word_1_221' title='bbox 862 3126 906 3192; x_wconf 90' lang='lat' dir='ltr'><strong>sit</strong></span> <span class='ocrx_word' id='word_1_222' title='bbox 925 3125 1121 3210; x_wconf 83' lang='lat' dir='ltr'><strong>ambiguum</strong></span> <span class='ocrx_word' id='word_1_223' title='bbox 1136 3127 1195 3191; x_wconf 86' lang='lat' dir='ltr'><strong>scd</strong></span> <span class='ocrx_word' id='word_1_224' title='bbox 1218 3146 1263 3190; x_wconf 87' lang='lat' dir='ltr'><strong>ex</strong></span> <span class='ocrx_word' id='word_1_225' title='bbox 1278 3126 1358 3209; x_wconf 88' lang='lat' dir='ltr'><strong>ipsis</strong></span> <span class='ocrx_word' id='word_1_226' title='bbox 1380 3125 1496 3192; x_wconf 90' lang='lat' dir='ltr'><strong>rotulis</strong></span> 
     </span>
     <span class='ocr_line' id='line_1_28' title="bbox 396 3227 1496 3313; baseline 0.001 -20"><span class='ocrx_word' id='word_1_227' title='bbox 396 3228 609 3296; x_wconf 85' lang='lat' dir='ltr'><strong>manifestum</strong></span> <span class='ocrx_word' id='word_1_228' title='bbox 625 3229 802 3313; x_wconf 84' lang='lat' dir='ltr'><strong>plurimum</strong></span> <span class='ocrx_word' id='word_1_229' title='bbox 821 3229 885 3294; x_wconf 89' lang='lat' dir='ltr'><strong>sub</strong></span> <span class='ocrx_word' id='word_1_230' title='bbox 898 3249 939 3295; x_wconf 92' lang='lat' dir='ltr'><strong>eo</strong></span> <span class='ocrx_word' id='word_1_231' title='bbox 953 3228 1113 3296; x_wconf 88' lang='lat' dir='ltr'><strong>floruisse.</strong></span> <span class='ocrx_word' id='word_1_232' title='bbox 1152 3230 1207 3294; x_wconf 94' lang='lat' dir='ltr'><strong>De</strong></span> <span class='ocrx_word' id='word_1_233' title='bbox 1218 3229 1311 3295; x_wconf 88' lang='lat' dir='ltr'><strong>cuius</strong></span> <span class='ocrx_word' id='word_1_234' title='bbox 1323 3227 1496 3295; x_wconf 88' lang='lat' dir='ltr'><strong>stillicidiis</strong></span> 
     </span>
     <span class='ocr_line' id='line_1_29' title="bbox 393 3332 1497 3417; baseline 0 -21"><span class='ocrx_word' id='word_1_235' title='bbox 393 3352 456 3398; x_wconf 89' lang='lat' dir='ltr'><strong>nos</strong></span> <span class='ocrx_word' id='word_1_236' title='bbox 470 3352 603 3417; x_wconf 89' lang='lat' dir='ltr'><strong>quoque</strong></span> <span class='ocrx_word' id='word_1_237' title='bbox 618 3333 783 3398; x_wconf 91' lang='lat' dir='ltr'><strong>modicum</strong></span> <span class='ocrx_word' id='word_1_238' title='bbox 799 3333 833 3397; x_wconf 96' lang='lat' dir='ltr'><strong>id</strong></span> <span class='ocrx_word' id='word_1_239' title='bbox 846 3332 939 3417; x_wconf 91' lang='lat' dir='ltr'><strong>quod</strong></span> <span class='ocrx_word' id='word_1_240' title='bbox 956 3332 1120 3398; x_wconf 90' lang='lat' dir='ltr'><strong>habemus</strong></span> <span class='ocrx_word' id='word_1_241' title='bbox 1139 3351 1198 3416; x_wconf 86' lang='lat' dir='ltr'><strong>per</strong></span> <span class='ocrx_word' id='word_1_242' title='bbox 1217 3333 1389 3399; x_wconf 87' lang='lat' dir='ltr'><strong>traducem</strong></span> <span class='ocrx_word' id='word_1_243' title='bbox 1403 3351 1497 3398; x_wconf 89' lang='lat' dir='ltr'><strong>acce·</strong></span> 
     </span>
     <span class='ocr_line' id='line_1_30' title="bbox 394 3435 1496 3521; baseline 0 -21"><span class='ocrx_word' id='word_1_244' title='bbox 394 3436 512 3520; x_wconf 89' lang='lat' dir='ltr'><strong>pimus.</strong></span> <span class='ocrx_word' id='word_1_245' title='bbox 550 3436 659 3520; x_wconf 86' lang='lat' dir='ltr'><strong>Super</strong></span> <span class='ocrx_word' id='word_1_246' title='bbox 673 3437 737 3502; x_wconf 89' lang='lat' dir='ltr'><strong>hoc</strong></span> <span class='ocrx_word' id='word_1_247' title='bbox 752 3436 796 3502; x_wconf 92' lang='lat' dir='ltr'><strong>ad</strong></span> <span class='ocrx_word' id='word_1_248' title='bbox 810 3455 944 3521; x_wconf 89' lang='lat' dir='ltr'><strong>presens</strong></span> <span class='ocrx_word' id='word_1_249' title='bbox 962 3435 1067 3501; x_wconf 89' lang='lat' dir='ltr'><strong>multa</strong></span> <span class='ocrx_word' id='word_1_250' title='bbox 1083 3435 1173 3520; x_wconf 92' lang='lat' dir='ltr'><strong>loqui</strong></span> <span class='ocrx_word' id='word_1_251' title='bbox 1193 3436 1402 3521; x_wconf 88' lang='lat' dir='ltr'><strong>supersedeo,</strong></span> <span class='ocrx_word' id='word_1_252' title='bbox 1416 3436 1496 3519; x_wconf 89' lang='lat' dir='ltr'><strong>quia</strong></span> 
     </span>
     <span class='ocr_line' id='line_1_31' title="bbox 351 3538 1496 3624; baseline -0.002 -18"><span class='ocrx_word' id='word_1_253' title='bbox 351 3555 383 3606; x_wconf 77' lang='lat'><strong>30</strong></span> <span class='ocrx_word' id='word_1_254' title='bbox 395 3559 457 3624; x_wconf 88' lang='lat' dir='ltr'><strong>pro</strong></span> <span class='ocrx_word' id='word_1_255' title='bbox 479 3538 637 3621; x_wconf 88' lang='lat' dir='ltr'><strong>qualitate</strong></span> <span class='ocrx_word' id='word_1_256' title='bbox 653 3540 704 3604; x_wconf 90' lang='lat' dir='ltr'><strong>sui</strong></span> <span class='ocrx_word' id='word_1_257' title='bbox 725 3548 833 3605; x_wconf 88' lang='lat' dir='ltr'><strong>status</strong></span> <span class='ocrx_word' id='word_1_258' title='bbox 855 3538 1058 3605; x_wconf 90' lang='lat' dir='ltr'><strong>nobilissime</strong></span> <span class='ocrx_word' id='word_1_259' title='bbox 1081 3539 1200 3606; x_wconf 89' lang='lat' dir='ltr'><strong>mentis</strong></span> <span class='ocrx_word' id='word_1_260' title='bbox 1221 3539 1363 3605; x_wconf 90' lang='lat' dir='ltr'><strong>indicem</strong></span> <span class='ocrx_word' id='word_1_261' title='bbox 1382 3558 1496 3623; x_wconf 88' lang='lat' dir='ltr'><strong>super·</strong></span> 
     </span>
     <span class='ocr_line' id='line_1_32' title="bbox 395 3641 1495 3726; baseline 0.002 -21"><span class='ocrx_word' id='word_1_262' title='bbox 395 3642 507 3706; x_wconf 91' lang='lat' dir='ltr'><strong>stitem</strong></span> <span class='ocrx_word' id='word_1_263' title='bbox 544 3641 606 3706; x_wconf 93' lang='lat' dir='ltr'><strong>sibi</strong></span> <span class='ocrx_word' id='word_1_264' title='bbox 644 3642 836 3706; x_wconf 89' lang='lat' dir='ltr'><strong>memoriam</strong></span> <span class='ocrx_word' id='word_1_265' title='bbox 870 3642 1053 3726; x_wconf 84' lang='lat' dir='ltr'><strong>dereliquit</strong></span> <span class='ocrx_word' id='word_1_266' title='bbox 1108 3641 1175 3709; x_wconf 90' lang='lat' dir='ltr'><strong>Hic</strong></span> <span class='ocrx_word' id='word_1_267' title='bbox 1205 3644 1419 3726; x_wconf 87' lang='lat' dir='ltr'><strong>postmodum</strong></span> <span class='ocrx_word' id='word_1_268' title='bbox 1449 3663 1495 3707; x_wconf 86' lang='lat' dir='ltr'><strong>ex</strong></span> 
     </span>
     <span class='ocr_line' id='line_1_33' title="bbox 395 3743 1496 3830; baseline 0.001 -21"><span class='ocrx_word' id='word_1_269' title='bbox 395 3744 554 3810; x_wconf 90' lang='lat' dir='ltr'><strong>mandato</strong></span> <span class='ocrx_word' id='word_1_270' title='bbox 576 3743 729 3828; x_wconf 88' lang='lat' dir='ltr'><strong>principis</strong></span> <span class='ocrx_word' id='word_1_271' title='bbox 750 3745 889 3811; x_wconf 90' lang='lat' dir='ltr'><strong>accessit</strong></span> <span class='ocrx_word' id='word_1_272' title='bbox 918 3746 962 3810; x_wconf 91' lang='lat' dir='ltr'><strong>ad</strong></span> <span class='ocrx_word' id='word_1_273' title='bbox 996 3745 1219 3825; x_wconf 82' lang='lat' dir='ltr'><strong>scaccarium3</strong></span> <span class='ocrx_word' id='word_1_274' title='bbox 1241 3745 1299 3811; x_wconf 88' lang='lat' dir='ltr'><strong>vbi</strong></span> <span class='ocrx_word' id='word_1_275' title='bbox 1329 3766 1406 3813; x_wconf 84' lang='lat' dir='ltr'><strong>curn</strong></span> <span class='ocrx_word' id='word_1_276' title='bbox 1436 3766 1496 3830; x_wconf 88' lang='lat' dir='ltr'><strong>per</strong></span> 
     </span>
     <span class='ocr_line' id='line_1_34' title="bbox 393 3846 1494 3935; baseline 0.001 -22"><span class='ocrx_word' id='word_1_277' title='bbox 393 3846 520 3931; x_wconf 89' lang='lat' dir='ltr'><strong>aliquot</strong></span> <span class='ocrx_word' id='word_1_278' title='bbox 542 3867 646 3914; x_wconf 89' lang='lat' dir='ltr'><strong>annos</strong></span> <span class='ocrx_word' id='word_1_279' title='bbox 676 3848 876 3933; x_wconf 89' lang='lat' dir='ltr'><strong>persedisset</strong></span> <span class='ocrx_word' id='word_1_280' title='bbox 901 3849 1061 3935; x_wconf 87' lang='lat' dir='ltr'><strong>comperit</strong></span> <span class='ocrx_word' id='word_1_281' title='bbox 1081 3847 1147 3914; x_wconf 92' lang='lat' dir='ltr'><strong>hoc</strong></span> <span class='ocrx_word' id='word_1_282' title='bbox 1176 3849 1347 3915; x_wconf 86' lang='lat' dir='ltr'><strong>solutionis</strong></span> <span class='ocrx_word' id='word_1_283' title='bbox 1375 3869 1494 3935; x_wconf 86' lang='lat' dir='ltr'><strong>genere</strong></span> 
     </span>
     <span class='ocr_line' id='line_1_35' title="bbox 354 3949 1494 4036; baseline 0.003 -21"><span class='ocrx_word' id='word_1_284' title='bbox 354 3977 382 4030; x_wconf 84' lang='lat'><strong>1)</strong></span> <span class='ocrx_word' id='word_1_285' title='bbox 395 3971 463 4017; x_wconf 88' lang='lat' dir='ltr'><strong>non</strong></span> <span class='ocrx_word' id='word_1_286' title='bbox 477 3949 574 4036; x_wconf 90' lang='lat' dir='ltr'><strong>plene</strong></span> <span class='ocrx_word' id='word_1_287' title='bbox 588 3951 669 4017; x_wconf 88' lang='lat' dir='ltr'><strong>fisco</strong></span> <span class='ocrx_word' id='word_1_288' title='bbox 684 3951 845 4018; x_wconf 87' lang='lat' dir='ltr'><strong>satisfieri.</strong></span> <span class='ocrx_word' id='word_1_289' title='bbox 882 3953 979 4019; x_wconf 90' lang='lat' dir='ltr'><strong>Licet</strong></span> <span class='ocrx_word' id='word_1_290' title='bbox 996 3953 1084 4018; x_wconf 92' lang='lat' dir='ltr'><strong>enim</strong></span> <span class='ocrx_word' id='word_1_291' title='bbox 1100 3953 1134 4018; x_wconf 90' lang='lat' dir='ltr'><strong>in</strong></span> <span class='ocrx_word' id='word_1_292' title='bbox 1145 3972 1282 4019; x_wconf 89' lang='lat' dir='ltr'><strong>numero</strong></span> <span class='ocrx_word' id='word_1_293' title='bbox 1298 3963 1333 4019; x_wconf 89' lang='lat' dir='ltr'><strong>et</strong></span> <span class='ocrx_word' id='word_1_294' title='bbox 1346 3954 1494 4036; x_wconf 90' lang='lat' dir='ltr'><strong>pondere</strong></span> 
     </span>
     <span class='ocr_line' id='line_1_36' title="bbox 348 4055 1493 4139; baseline 0.001 -20"><span class='ocrx_word' id='word_1_295' title='bbox 348 4081 380 4134; x_wconf 77' lang='lat'><strong>3⁵</strong></span> <span class='ocrx_word' id='word_1_296' title='bbox 393 4055 559 4121; x_wconf 89' lang='lat' dir='ltr'><strong>videretur</strong></span> <span class='ocrx_word' id='word_1_297' title='bbox 578 4055 783 4122; x_wconf 78' lang='lat' dir='ltr'><strong>satisfactum</strong></span> <span class='ocrx_word' id='word_1_298' title='bbox 806 4075 873 4120; x_wconf 94' lang='lat' dir='ltr'><strong>non</strong></span> <span class='ocrx_word' id='word_1_299' title='bbox 897 4065 1010 4122; x_wconf 89' lang='lat' dir='ltr'><strong>tamen</strong></span> <span class='ocrx_word' id='word_1_300' title='bbox 1033 4055 1068 4120; x_wconf 93' lang='lat' dir='ltr'><strong>in</strong></span> <span class='ocrx_word' id='word_1_301' title='bbox 1087 4057 1234 4122; x_wconf 89' lang='lat' dir='ltr'><strong>materia.</strong></span> <span class='ocrx_word' id='word_1_302' title='bbox 1278 4055 1493 4139; x_wconf 89' lang='lat' dir='ltr'><strong>Consequens</strong></span> 
     </span>
     <span class='ocr_line' id='line_1_37' title="bbox 393 4157 1493 4244; baseline 0 -21"><span class='ocrx_word' id='word_1_303' title='bbox 393 4157 482 4224; x_wconf 89' lang='lat' dir='ltr'><strong>enim</strong></span> <span class='ocrx_word' id='word_1_304' title='bbox 503 4179 570 4225; x_wconf 88' lang='lat' dir='ltr'><strong>non</strong></span> <span class='ocrx_word' id='word_1_305' title='bbox 591 4167 662 4224; x_wconf 91' lang='lat' dir='ltr'><strong>erat</strong></span> <span class='ocrx_word' id='word_1_306' title='bbox 682 4159 772 4234; x_wconf 88' lang='lat' dir='ltr'><strong>vt‚si</strong></span> <span class='ocrx_word' id='word_1_307' title='bbox 795 4181 857 4244; x_wconf 90' lang='lat' dir='ltr'><strong>pro</strong></span> <span class='ocrx_word' id='word_1_308' title='bbox 880 4158 964 4224; x_wconf 89' lang='lat' dir='ltr'><strong>libra</strong></span> <span class='ocrx_word' id='word_1_309' title='bbox 986 4181 1049 4225; x_wconf 88' lang='lat' dir='ltr'><strong>vna</strong></span> <span class='ocrx_word' id='word_1_310' title='bbox 1071 4171 1263 4226; x_wconf 89' lang='lat' dir='ltr'><strong>numeratos</strong></span> <span class='ocrx_word' id='word_1_311' title='bbox 1284 4181 1345 4224; x_wconf 86' lang='lat' dir='ltr'><strong>xx.</strong></span> <span class='ocrx_word' id='word_1_312' title='bbox 1369 4157 1493 4227; x_wconf 88' lang='lat' dir='ltr'><strong>solidos</strong></span> 
     </span>
    </p>
   </div>
   <div class='ocr_carea' id='block_1_3' title="bbox 390 4309 1493 4456">
    <p class='ocr_par' dir='ltr' id='par_1_3' title="bbox 390 4309 1493 4456">
     <span class='ocr_line' id='line_1_38' title="bbox 427 4309 1493 4383; baseline -0.001 -15"><span class='ocrx_word' id='word_1_313' title='bbox 427 4309 744 4383; x_wconf 82' lang='lat' dir='ltr'><strong>roculata]occultac</strong></span> <span class='ocrx_word' id='word_1_314' title='bbox 815 4326 849 4381; x_wconf 75' lang='lat'><strong>14</strong></span> <span class='ocrx_word' id='word_1_315' title='bbox 866 4311 1017 4368; x_wconf 83' lang='lat' dir='ltr'><strong>veterisN</strong></span> <span class='ocrx_word' id='word_1_316' title='bbox 1085 4312 1117 4368; x_wconf 86' lang='lat'><strong>18</strong></span> <span class='ocrx_word' id='word_1_317' title='bbox 1136 4311 1248 4370; x_wconf 86' lang='lat' dir='ltr'><strong>Diceris</strong></span> <span class='ocrx_word' id='word_1_318' title='bbox 1262 4313 1300 4371; x_wconf 87' lang='lat' dir='ltr'><strong>C:</strong></span> <span class='ocrx_word' id='word_1_319' title='bbox 1320 4312 1493 4370; x_wconf 78' lang='lat' dir='ltr'><strong>DisoerrsR</strong></span> 
     </span>
     <span class='ocr_line' id='line_1_39' title="bbox 390 4381 1177 4456; baseline -0.001 -15"><span class='ocrx_word' id='word_1_320' title='bbox 390 4394 425 4456; x_wconf 75' lang='lat'><strong>25</strong></span> <span class='ocrx_word' id='word_1_321' title='bbox 443 4382 544 4440; x_wconf 88' lang='lat' dir='ltr'><strong>officiis</strong></span> <span class='ocrx_word' id='word_1_322' title='bbox 554 4394 583 4442; x_wconf 87' lang='lat' dir='ltr'><strong>et</strong></span> <span class='ocrx_word' id='word_1_323' title='bbox 594 4401 648 4442; x_wconf 85' lang='lat' dir='ltr'><strong>om.</strong></span> <span class='ocrx_word' id='word_1_324' title='bbox 657 4384 719 4441; x_wconf 85' lang='lat' dir='ltr'><strong>NR</strong></span> <span class='ocrx_word' id='word_1_325' title='bbox 795 4397 829 4454; x_wconf 84' lang='lat'><strong>32</strong></span> <span class='ocrx_word' id='word_1_326' title='bbox 847 4381 995 4456; x_wconf 88' lang='lat' dir='ltr'><strong>principis]</strong></span> <span class='ocrx_word' id='word_1_327' title='bbox 1008 4381 1128 4456; x_wconf 80' lang='lat' dir='ltr'><strong>precipis</strong></span> <span class='ocrx_word' id='word_1_328' title='bbox 1139 4384 1177 4440; x_wconf 88' lang='grc' dir='ltr'><em>Ν</em></span> 
     </span>
    </p>
   </div>
   <div class='ocr_carea' id='block_1_4' title="bbox 0 0 1684 5172">
    <p class='ocr_par' dir='ltr' id='par_1_4' title="bbox 0 0 1684 5172">
     <span class='ocr_line' id='line_1_40' title="bbox 0 0 1684 5172; baseline 0 6"><span class='ocrx_word' id='word_1_329' title='bbox 0 0 1684 5172; x_wconf 95' lang='lat' dir='ltr'><strong> </strong></span> 
     </span>
    </p>
   </div>
  </div>
 </body>
</html>
