3360 5172
198 392 227 443 11
243 371 328 465 xvir]
569 363 636 442 DE
660 361 933 445 s'cnccnmo
1237 395 1301 466 149·

198 551 364 634 exigatur,
393 559 429 616 et
458 549 500 615 ne
530 551 560 615 ei
592 571 692 635 super
719 549 837 616 e'odem
871 549 1070 634 respondeat
1102 553 1300 619 auctoritate

198 654 331 736 publice
354 656 530 738 potestatis
553 654 749 720 inhibeatur.

241 755 328 822 Item
346 759 374 822 si
391 757 524 823 debitor
542 779 564 822 a
583 767 744 842 tempore,
758 777 827 841 quo
841 759 911 842 regi
926 757 1031 823 teneri
1046 761 1144 843 cepit,
1158 758 1298 826 fundum
1310 760 1371 820 xvi

85 845 88 850 ¹
196 881 292 926 suum
315 860 368 927 vel
392 861 558 926 redditum
584 861 641 926 alii
665 861 833 938 locauerit,
854 859 907 926 vel
933 863 1053 946 pignus
1076 883 1137 945 pro
1160 866 1299 946 pecunia

196 964 337 1044 dederit,
365 964 418 1030 vel
446 964 557 1045 etiam,
587 965 678 1047 quod
708 964 887 1030 absurdum
918 965 982 1030 tibi
1010 965 1094 1030 forte
1122 967 1326 1048 videbitur,5

197 1069 383 1134 dominium
407 1069 477 1134 eius
503 1089 562 1152 per
583 1069 810 1134 venditionem
832 1091 854 1134 a
874 1089 909 1134 se
932 1068 1144 1146 transtulerit,
1167 1072 1195 1134 si
1218 1071 1298 1136 alias

196 1173 336 1237 inuenta
354 1181 422 1237 'non
442 1180 521 1237 sunt
540 1192 680 1255 perque
701 1173 770 1255 regi
785 1170 933 1247 satisfiat,
950 1191 1144 1257 quecunque
1158 1195 1300 1257 persona

196 1276 304 1353 fuerit,
319 1296 516 1360 quocunque
530 1275 631 1342 titulo
643 1277 884 1357 possessionem
903 1284 1020 1339 nactus
1040 1276 1145 1353 luerit,
1161 1278 1298 1343 nichilo-

196 1379 305 1445 minus
326 1398 370 1442 ex
390 1379 508 1446 eadem
527 1378 619 1464 quod
639 1378 683 1444 ad
705 1398 817 1464 regem
837 1379 981 1463 pertinet
999 1380 1189 1464 accipietur,
1206 1381 1301 1447 salua

197 1483 332 1550 domino
348 1483 562 1567 proprietate,
577 1482 635 1566 qui
658 1483 747 1550 iusto
765 1501 840 1546 eam
861 1482 958 1548 titulo
975 1487 1102 1566 ceperit
1122 1485 1301 1569 possidere,
1312 1504 1344 1542 10

195 1586 257 1650 nisi
271 1584 357 1651 sorte
376 1586 506 1651 debitor
525 1585 581 1650 ille
597 1585 692 1651 fundi
709 1585 834 1652 venditi
856 1586 998 1669 pretium
1012 1588 1057 1652 ab
1073 1587 1164 1653 initio
1178 1597 1298 1673 sponte

196 1691 266 1774 'regi
290 1688 434 1754 soluerit.
479 1689 575 1754 Tunc
597 1690 685 1755 enim
708 1697 782 1754 tuta
804 1689 866 1754 erit
887 1710 987 1773 penes
1010 1700 1194 1775 emptorem
1219 1713 1296 1778 pos-

195 1794 308 1860 sessio.
353 1792 462 1857 Huius
476 1801 590 1858 autem
605 1793 652 1857 rei
668 1812 811 1872 causam,
827 1792 905 1858 licet
922 1793 1062 1858 distorta
1079 1794 1246 1860 modicum
1263 1806 1298 1861 et

195 1897 285 1981 regie
306 1905 439 1960 tantum
460 1896 597 1963 utilitati
621 1897 766 1962 seruiens
786 1895 947 1973 videatur,
970 1897 1158 1963 euidentem
1184 1907 1298 1964 tamen

194 2011 230 2067 et
243 2000 323 2066 satis
338 2001 459 2087 iustam
474 2001 655 2066 secundum
671 2000 793 2085 patrias
808 1999 899 2084 leges
912 1999 1156 2083 comprobabis.
1198 2000 1296 2085 Quis·
1311 2022 1341 2076 ¹5

194 2105 269 2188 quis
290 2105 380 2168 enim
403 2103 437 2169 in
459 2103 584 2188 regiam
607 2104 815 2170 maiestatem
835 2102 1012 2186 deliquisse
1029 2105 1298 2187 deprehenditur„

192 2229 257 2274 vno
277 2210 378 2274 trium
400 2209 576 2274 modorum
597 2209 693 2274 iuxta
710 2207 905 2292 qualitatem
926 2208 1038 2274 delicti
1057 2209 1108 2274 sui
1128 2211 1197 2293 regi
1216 2230 1295 2274 con·

192 2313 401 2396 dempnatur,
417 2321 476 2378 aut
496 2313 582 2378 enim
603 2315 637 2378 in
655 2315 805 2378 uniuerso
825 2311 941 2378 mobili
960 2333 1022 2377 suo
1040 2333 1114 2378 reus
1132 2313 1297 2378 iudicatur

192 2435 255 2497 pro
277 2416 459 2483 minoribus
479 2415 597 2501 culpis,
618 2425 677 2482 aut
699 2417 734 2481 in
756 2415 911 2482 omnibus
933 2415 1167 2497 immobilibus,
1186 2416 1296 2482 lundis

192 2517 316 2585 scilicet
349 2530 384 2586 et
416 2519 606 2599 redditibus,
636 2528 674 2584 ut
705 2521 753 2586 eis
784 2519 1015 2600 exheredetur,
1042 2519 1134 2603 quod
1167 2518 1206 2584 lit
1233 2541 1296 2604 pro
1309 2543 1341 2580 ro

193 2622 372 2687 maioribus
390 2621 508 2706 culpis,
521 2633 581 2689 aut
601 2643 663 2707 pro
685 2622 842 2687 maximis
863 2624 1112 2707 quibuscunque
1126 2621 1178 2687 vel
1200 2643 1294 2688 enor-

193 2727 301 2790 mibus
324 2724 460 2806 delictis,
489 2726 523 2791 in
552 2726 655 2792 vitam
683 2745 778 2792 suam
800 2723 855 2792 vel
878 2728 1036 2793 membra.
1082 2725 1167 2792 Cum
1194 2727 1294 2810 igitur

192 2828 310 2911 aliquis
329 2830 373 2895 de
390 2829 566 2896 mobilibus
586 2830 620 2895 in
641 2830 848 2916 beneplacito
867 2829 954 2914 regis
975 2831 1145 2906 iudicatur,
1167 2827 1236 2894 lata
1259 2832 1293 2895 in

192 2952 269 2997 eum
298 2953 320 2997 a
346 2932 509 2998 iudicibus
536 2935 701 3000 sententia
734 2954 794 3018 per
822 2933 884 3000 hec
911 2935 1023 3012 verba,
1054 2933 1143 2998 ‘Iste
1174 2941 1225 2998 est
1257 2935 1291 2998 in

192 3035 416 3102 misericordia
434 3039 521 3119 regis
540 3038 584 3103 de
604 3038 744 3122 pecunia
763 3035 841 3118 sua,'
857 3037 947 3102 idem
962 3045 1013 3102 est
1028 3056 1067 3102 ac
1081 3037 1109 3101 si
1124 3035 1187 3101 ‘de
1200 3034 1290 3101 tota’
1306 3055 1337 3107 ²⁵

191 3140 376 3222 dixissent3
408 3141 568 3208 laicorum
591 3142 680 3207 enim
709 3139 878 3207 indefinite
903 3160 970 3207 non
995 3140 1057 3220 his,
1082 3160 1145 3224 pro
1172 3140 1292 3223 quibus

191 3245 295 3310 tutius
319 3255 370 3311 est
400 3265 457 3310 eas
481 3245 596 3331 accipi,
622 3245 686 3311 hoc
712 3255 762 3311 est
787 3238 1048 3329 particularibus,
1072 3243 1132 3308 sed
1161 3264 1292 3328 semper

189 3347 429 3416 uniuersalibus
452 3347 664 3434 equipollent
708 3347 794 3416 Cum
818 3348 916 3431 igitur
936 3345 1030 3412 fundi
1051 3346 1139 3412 illius
1160 3347 1291 3427 catalla,

189 3471 289 3535 quem
309 3452 441 3518 debitor
460 3460 537 3537 post
557 3451 722 3532 distraxit,
739 3453 772 3517 in
788 3450 999 3536 beneplacito
1019 3450 1177 3537 principis
1195 3451 1291 3516 adiu·

189 3556 300 3622 dicata
318 3556 456 3622 fuissent
475 3565 511 3622 et
530 3557 601 3640 ipse
620 3557 664 3622 de
683 3557 841 3640 requisita
859 3575 989 3620 summa
1005 3575 1072 3621 non
1088 3554 1291 3637 satisfecerit,
1303 3569 1336 3621 ³0

188 3661 294 3725 videri
315 3669 427 3746 potest
448 3659 605 3726 iniustum
626 3670 664 3726 vt
685 3679 755 3724 rem
777 3679 844 3725 non
865 3679 961 3725 suam
983 3657 1018 3723 in
1039 3657 1110 3724 fisci
1128 3659 1290 3725 iacturam

188 3762 391 3830 alienauerit.

232 3865 321 3931 Item
334 3865 564 3933 admonendus
579 3876 630 3934 est
643 3867 828 3934 vicecomes
841 3875 978 3953 propter
992 3859 1071 3933 fidei
1086 3865 1288 3953 religionem,
1300 3879 1375 3939 xvii

39 3975 43 3984 ⁴
122 3953 123 3958 ἵ
188 3969 280 4052 quod
295 3971 339 4035 ab
355 3971 428 4054 ipso
441 3970 485 4036 de
502 3989 570 4036 non
589 3969 793 4036 soluentibus
813 3970 968 4054 exigitur,
982 3970 1085 4036 immo
1099 3989 1201 4054 quam
1216 3969 1288 4056 ipse

223 4185 571 4259 sregiquotemporeN
694 4186 954 4316 aeuumkillumc
1080 4191 1287 4262 sabsurdusc

186 4257 338 4340 qexedem
352 4260 381 4314 R
452 4273 486 4314 10
497 4254 796 4341 proprietatedonino
906 4273 938 4344 ¹.⁷
956 4263 1117 4318 mooneR
1190 4261 1291 4388 ²⁰·filll

187 4329 293 4472 {gigne
307 4341 354 4454 ἐι
373 4344 426 4402 pro
437 4330 538 4386 omn
601 4343 636 4385 aa
653 4329 802 4386 dilectrsR
863 4329 1033 4403 23m1etR
1094 4345 1127 4400 27
1146 4349 1241 4403 aeoepr
