3360 5172
185 376 252 443 lxi
268 351 322 465 u]
551 374 618 440 DE
641 372 914 443 SCACCARIO
1220 375 1299 459 103'

184 567 244 615 sue
258 547 378 614 domus
398 546 442 613 de
459 545 599 632 propriis
618 545 808 612 nemoribus
827 566 895 613 non
915 556 1087 613 assumunt
1104 546 1160 626 hii,
1176 546 1233 630 qui
1249 546 1283 610 in

185 652 307 718 foresta
323 671 384 718 sua
404 650 531 717 habent
550 651 726 727 domicilia,
742 649 806 717 nisi
824 670 885 733 per
903 649 1012 715 visum
1032 670 1145 717 eorum
1163 651 1221 734 qui
1239 651 1282 716 ad

184 756 308 823 foreste
322 754 507 821 custodiam
527 757 737 840 deputantur.
782 755 909 820 Verum
924 762 1003 819 sunt
1020 753 1130 840 plures
1143 755 1202 838 qui
1216 755 1284 822 suis

182 860 286 927 velint
301 858 504 943 argumentis
518 870 675 941 astruere,
686 858 778 944 quod
792 859 836 924 de
850 857 984 924 essartis
997 857 1061 922 hiis
1076 855 1185 922 nullus
1200 855 1285 924 liber

183 959 230 1026 sit
245 958 374 1024 ratione
388 958 544 1024 sessionis
558 961 601 1025 ad
620 958 828 1025 scaccarium.
875 955 913 1022 Si
930 956 1005 1041 quis
1020 956 1108 1022 enim
1125 955 1189 1022 illie
1204 957 1282 1022 resi-
1295 981 1311 1036 5

184 1062 338 1128 dentium
353 1081 431 1148 erga
446 1063 629 1148 principem
643 1063 764 1146 quouis
778 1060 984 1144 delinqueret
999 1056 1184 1139 infortunio,
1195 1062 1283 1126 vnde

184 1166 405 1252 pecuniariter
425 1167 535 1249 puniri
556 1175 744 1247 mereretur,
765 1186 786 1231 a
807 1186 894 1250 pena
916 1162 972 1231 illa
995 1163 1079 1229 liber
1105 1185 1171 1230 non
1196 1174 1283 1231 esset

185 1270 249 1336 nisi
264 1270 399 1354 speciali
414 1270 569 1355 principis
585 1271 752 1336 mandato.
798 1267 884 1334 Cum
895 1288 975 1352 ergo
986 1277 1146 1335 essartum
1158 1268 1283 1336 lactum

184 1393 344 1441 excessus
364 1373 408 1439 sit
428 1374 463 1438 in
481 1371 638 1440 forestam
657 1375 753 1460 regis,
767 1392 834 1439 non
856 1372 967 1448 debet,
982 1380 1020 1438 vt
1037 1372 1205 1448 dicunt,is
1225 1374 1283 1455 qui

184 1474 232 1538 sic
259 1473 422 1558 delinquit
447 1483 481 1539 et
507 1482 643 1558 propter
667 1472 733 1539 hoc
758 1473 903 1559 punitur,
927 1471 990 1536 nisi
1017 1472 1102 1554 regis
1123 1474 1329 1579 expresso?

185 1577 347 1643 mandato
371 1575 513 1644 liberari.
567 1576 642 1644 I-Iec
667 1577 781 1662 itaque
811 1577 896 1641 ratio
922 1574 1000 1642 licet
1024 1574 1154 1642 subtilis
1179 1577 1223 1642 sit
1248 1587 1283 1643 et

183 1681 336 1747 videatur
357 1681 522 1767 aliquibus
544 1701 631 1764 pene
653 1679 827 1759 sufficiens,
850 1680 967 1747 obuiat
988 1689 1101 1746 tamen
1121 1679 1168 1745 illi
1191 1681 1283 1766 quod

183 1804 271 1868 pena
292 1806 355 1870 pro
377 1785 508 1850 essartis
534 1785 716 1850 constituta
739 1783 782 1850 sit
804 1793 838 1849 et
864 1784 1049 1849 communis
1072 1784 1105 1850 in
1126 1782 1201 1850 illos
1226 1784 1283 1869 qui

184 1889 232 1954 sic
254 1889 459 1972 delinquunt,
475 1897 511 1954 vt
533 1888 657 1954 scilicet
679 1907 740 1972 pro
762 1897 888 1954 essarto
911 1888 1030 1973 iugeris
1051 1887 1145 1954 vnius
1163 1887 1283 1954 triticei

184 1991 312 2058 solidus
327 2013 410 2058 vnus
425 1993 583 2073 soluatur,
598 2013 659 2078 pro
678 1993 790 2078 iugere
805 2011 885 2058 vero
903 2011 971 2077 quo
985 1991 1102 2058 seritur
1118 2011 1225 2059 auena
1238 1993 1281 2057 vi.
1297 2015 1327 2069 1⁵

185 2096 310 2162 denarii
337 2097 408 2162 iure
430 2107 601 2182 perpetuo.
646 2097 703 2162 Ex
731 2097 797 2162 hiis
826 2103 940 2162 autem
968 2096 1137 2181 particulis
1166 2107 1283 2163 coacta

186 2221 317 2266 summa
340 2202 484 2284 quedam
507 2212 648 2285 exurget
665 2202 708 2267 de
729 2222 797 2286 qua
817 2201 1003 2268 vicecomes
1024 2203 1068 2267 ad
1085 2201 1282 2268 scaccarium

184 2305 387 2388 respondere
404 2315 546 2384 tenetur,
566 2306 649 2371 sicut
669 2325 714 2370 ex
736 2305 926 2372 constitutis
944 2305 1075 2370 duobus
1096 2304 1208 2370 solidis
1229 2305 1283 2371 vel

184 2426 251 2474 vno
267 2428 326 2491 per
340 2408 482 2493 singulas
493 2409 588 2474 hidas
600 2409 777 2475 comitatus
790 2429 921 2474 summa
930 2429 1007 2486 vna,
1017 2428 1082 2491 que
1098 2410 1282 2475 communis

184 2512 287 2578 assisa
302 2521 521 2596 nuncupatur,
535 2513 703 2580 excrescit.
744 2511 834 2597 Quia
848 2513 949 2597 igitur
960 2513 993 2579 in
1010 2512 1072 2578 hiis
1090 2533 1280 2599 expressam
1297 2535 1328 2575 ιο

184 2614 289 2680 habet
314 2616 561 2683 similitudinem
590 2627 750 2683 essartum
772 2637 848 2683 cum
871 2617 974 2686 assisa
999 2618 1176 2697 communi,
1198 2619 1283 2685 sicut

185 2721 313 2785 dictum
342 2729 402 2802 est,
424 2721 527 2786 videri
557 2722 669 2806 potuit
698 2742 767 2788 non
796 2721 949 2788 inmerito
980 2721 1129 2788 similiter
1149 2723 1282 2806 quietos

185 2821 358 2889 habendos
379 2824 453 2890 illos
474 2826 518 2891 ab
540 2825 672 2890 essartis
693 2835 731 2892 vt
752 2825 796 2891 ab
817 2823 890 2890 aliis
911 2825 1142 2891 communibus
1163 2827 1282 2892 assisis.

186 2925 273 2992 Item
298 2927 414 2993 obuiat
438 2929 487 2994 eis
515 2929 760 2993 consuetudinis
788 2947 931 3012 ususque
960 2925 1091 3011 longeui
1120 2948 1187 2993 non
1209 2929 1283 2994 vilis

184 3030 372 3096 auctoritas.
417 3029 512 3096 Sicut
537 3031 625 3098 enim
649 3030 820 3097 retroactis
842 3031 1045 3114 temporibus
1067 3030 1166 3096 fuisse
1191 3051 1281 3098 com·
1297 3051 1327 3103 ²⁵

186 3144 372 3200 memorant
401 3135 521 3218 quibus
551 3156 635 3201 cana
664 3135 822 3200 memoria
850 3143 910 3214 est,
939 3135 1007 3200 vidi
1029 3156 1093 3220 ego
1123 3135 1202 3221 ipse,
1226 3137 1282 3220 qui

185 3236 303 3320 loquor
324 3246 445 3321 tecum,
460 3239 627 3305 modernis
650 3238 855 3323 temporibus
878 3238 1104 3322 Legrecestrie
1125 3239 1281 3306 comitem

187 3341 384 3420 Robertum,
398 3343 504 3407 virum
523 3343 710 3423 discretum,
730 3342 847 3409 litteris
864 3343 1027 3408 eruditum
1043 3353 1077 3408 et
1094 3343 1128 3407 in
1143 3343 1283 3427 negotiis

185 3443 371 3511 forensibus
393 3446 621 3512 exercitatum.
667 3446 734 3512 Hic
757 3445 936 3530 ingenitam
957 3444 1083 3512 habens
1101 3446 1202 3511 animi
1218 3447 1284 3512 vir-

185 3559 293 3615 tutem
308 3558 444 3633 paterne
464 3571 597 3635 quoque
616 3549 791 3635 prudentie
811 3550 945 3616 sedulus
965 3549 1128 3616 emulator
1146 3549 1282 3617 effectus
1295 3574 1328 3628 ao

185 3662 244 3730 est,
259 3654 352 3718 cuius
365 3653 527 3720 industria
546 3652 692 3738 pluribus
708 3655 897 3720 examinata
918 3663 968 3719 est
983 3674 1084 3740 penes
1101 3653 1281 3740 principem

185 3765 344 3834 nostrum,
363 3756 546 3822 Henricum
565 3758 756 3833 secundum,
772 3769 874 3842 atque
893 3758 977 3826 adeo
997 3758 1164 3825 conualuit
1181 3779 1283 3842 penes

189 3879 277 3938 eum,
303 3880 402 3944 quern
433 3880 494 3927 nec
521 3861 658 3945 palliata
684 3863 860 3946 prudentia
881 3881 941 3927 nec
966 3861 1173 3928 dissimulata
1196 3862 1282 3929 fallit

185 3963 319 4046 ineptia,
341 3973 378 4029 vt
404 3985 448 4030 ex
474 3967 634 4036 mandato
660 3965 761 4050 ipsius
791 3985 857 4031 non
885 3964 994 4032 solum
1015 3967 1059 4032 ad
1082 3967 1317 4040 scaccariumn

186 4101 437 4254 nltl'illim
469 4184 501 4243 ις
519 4102 674 4244 illle
736 4099 991 4255 aiiiilossa
1024 4101 1287 4255 militati

184 4240 322 4384 {pesrcutJ
336 4243 384 4299 Src
396 4243 455 4299 NR
524 4244 681 4301 26st
751 4242 854 4300 vrdeC
919 4257 952 4313 31
960 4248 1030 4314 post
1045 4253 1204 4300 examinata
1215 4244 1282 4299 add.

231 4314 305 4368 naR
375 4327 409 4385 ³²
423 4313 607 4376 HericumN
683 4328 726 4384 32,
738 4329 772 4385 33
784 4322 869 4386 atque
880 4313 953 4370 adeo
965 4314 1107 4370 conualuit
1119 4329 1206 4384 penes
1218 4329 1283 4368 eum

185 4399 241 4442 om.
257 4383 317 4440 NR
404 4399 439 4456 3⁴
450 4388 519 4458 post
529 4385 637 4458 ineptia
647 4385 712 4442 add.
722 4397 808 4459 atque
819 4385 892 4442 adeo
903 4385 1045 4442 conualuit
1055 4400 1143 4457 penes
1154 4381 1215 4440 eins
1226 4383 1255 4442 R
