3360 5172
191 380 315 476 1an]
466 385 470 396 ·
558 385 625 486 na
648 383 923 457 scnccnmo
1246 392 1289 480 89

234 553 428 640 nonnas.
471 553 506 622 A
531 555 653 640 quibus
676 555 730 623 vn
754 557 800 624 on
824 535 933 645 quam'
951 577 1022 626 rem
1049 559 1200 628 insama
1225 525 1353 659 rurt1¹¹

191 659 397 728 examinatio
413 658 475 725 hec
487 658 542 726 vel
556 661 768 727 combustio?

234 763 411 847 Magister.
454 763 504 830 Vt
527 765 570 830 de
591 763 655 830 hiis
678 764 739 831 trbi
761 773 912 832 constare
934 765 1039 852 possit
1064 766 1165 850 paulo
1189 765 1290 836 altius

191 863 362 933 oriendum
377 876 437 934 est
476 867 569 936 Sicut
579 868 741 936 traditum
755 868 917 937 habemus
926 869 1115 955 apatnbus,
1129 871 1164 936 in
1175 871 1290 955 primi·

191 971 263 1037 tino
280 970 372 1056 regni
391 979 482 1037 statu
502 979 580 1056 post
597 971 867 1056 conquisitionem
887 973 1019 1058 regibus
1037 975 1080 1040 de
1097 972 1208 1040 fundis
1222 973 1318 1044 suist

190 1094 260 1140 non
277 1073 349 1139 auri
363 1072 415 1141 vel
430 1075 559 1162 argenti
573 1076 720 1160 pondera
737 1076 795 1143 sed
811 1075 884 1143 sola
898 1075 1052 1144 victualia
1065 1077 1291 1157 abluebantur,

191 1198 235 1244 ex
258 1178 379 1261 quibus
400 1176 434 1244 in
448 1199 526 1246 vsus
545 1179 730 1247 cotidianos
749 1180 870 1246 domus
889 1180 979 1266 regie
995 1181 1178 1248 necessaria
1196 1181 1291 1248 mini·

191 1281 392 1366 strabantur,
402 1290 437 1348 et
447 1292 610 1351 nouerant
619 1283 678 1369 qui
689 1283 734 1349 ad
744 1281 807 1349 hec
818 1284 970 1370 deputati
985 1283 1115 1350 fuerant
1126 1294 1290 1370 quantum

190 1385 236 1452 de
256 1385 392 1470 singulis
414 1385 524 1453 fundis
544 1387 768 1472 proueniebat.
814 1385 972 1455 Ceterum
995 1387 1039 1455 ad
1059 1388 1225 1472 stipendia
1237 1387 1292 1455 vel

61 1541 63 1546 .
192 1489 350 1556 donatiua
376 1489 518 1556 militum
545 1491 648 1557 etad
673 1489 739 1556 alia
762 1491 946 1558 neccssaria
970 1492 1014 1558 de
1038 1492 1169 1578 placitis
1197 1492 1290 1579 regni
1305 1515 1337 1553 ιο

191 1591 244 1658 vel
266 1593 550 1674 consectionibus,
570 1602 605 1660 et
623 1613 668 1659 ex
686 1593 874 1662 ciuitatibus
890 1595 944 1661 vel
963 1595 1107 1664 castellis
1128 1618 1150 1662 a
1171 1597 1292 1683 quibus

192 1692 392 1778 agricultura
404 1715 470 1762 non
482 1697 711 1781 exercebatur,
721 1698 860 1784 pecunia
871 1711 1044 1766 numerata
1054 1701 1290 1768 succrescebat.

192 1798 285 1865 Toto
303 1799 402 1882 igitur
418 1799 505 1886 regis
518 1799 678 1868 Willelmi
697 1794 796 1887 primi
815 1810 966 1887 ternpore
987 1804 1209 1888 perseuerauit
1229 1801 1292 1871 hec

192 1902 359 1970 institutio
373 1925 477 1990 vsque
496 1905 540 1974 ad
555 1913 709 1991 tempora
728 1905 814 1992 regis
830 1906 968 1974 chrici
986 1905 1044 1973 filii
1062 1907 1142 1986 eius,
1156 1907 1240 1975 adeo
1254 1916 1292 1974 vt

192 2007 332 2073 viderim
346 2028 411 2093 ego
426 2008 497 2094 ipse
510 2009 674 2094 quosdam
691 2009 749 2094 qui
767 2009 922 2078 victualia
940 2012 1073 2078 statutis
1087 2011 1292 2098 temporibus
1305 2031 1335 2085 rs

193 2111 357 2178 defundis
367 2113 466 2197 regiis
476 2115 520 2180 ad
532 2114 657 2181 curiam
668 2113 946 2181 deferrividerint
973 2114 1177 2200 Certumque
1187 2115 1290 2182 habe·

192 2217 275 2282 bant
298 2215 455 2283 officiales
477 2219 595 2285 domus
617 2218 707 2304 regie
728 2239 750 2285 a
770 2220 891 2304 quibus
905 2220 1117 2286 comitatibus
1135 2220 1292 2302 triticum,

193 2321 354 2406 aquibus
374 2322 504 2388 diuerse
523 2323 650 2406 species
672 2323 820 2389 carnium
842 2322 896 2389 vel
916 2343 1076 2416 ¹equorum
1099 2324 1223 2409 pabula
1239 2325 1291 2390 vel

193 2425 260 2492 alia
281 2446 412 2511 queque
434 2427 618 2493 necessaria
639 2426 852 2494 debebantur.
898 2426 976 2493 Hiis
996 2447 1074 2494 vero
1099 2427 1215 2493 solutis
1240 2447 1291 2493 se·

194 2531 340 2596 cundum
362 2529 578 2596 constitutum
606 2530 741 2596 modum
767 2530 924 2615 cuiusque
947 2531 1005 2610 rei,
1031 2531 1112 2617 rogii
1135 2529 1293 2598 officiales
1305 2550 1338 2590 πο

194 2635 435 2719 computabant
445 2632 631 2700 vicecomiti
646 2633 832 2719 redigentes
846 2633 880 2698 in
894 2653 1058 2699 summam
1073 2635 1291 2700 denariorum.

194 2736 261 2803 Pro
280 2757 434 2803 mensura
453 2737 579 2803 scilicet
593 2736 694 2804 tritici
709 2738 753 2803 ad
773 2757 894 2822 panem
912 2758 940 2805 c.
957 2736 1129 2805 hominum
1149 2738 1292 2804 solidum

194 2861 309 2923 vnum,
324 2860 384 2928 pro
398 2859 537 2925 corpore
549 2839 646 2906 bouis
661 2841 825 2927 pascualis
839 2841 983 2908 solidum
998 2842 1029 2923 i,
1044 2861 1106 2926 pro
1123 2843 1225 2909 ariete
1239 2841 1292 2910 vel

193 2966 259 3012 oue
267 2945 322 3010 iiii.
332 2945 493 3024 denarios,
502 2945 737 3030 proprebcnda
745 2965 977 3030 aequorum,
984 2944 1133 3011 similiter
1141 2950 1328 3030 quatuor.B

147 3068 150 3073 ·
195 3047 404 3116 Succedente
417 3067 496 3113 vero
516 3058 666 3132 tempore
680 3069 756 3115 cum
771 3049 860 3114 idem
879 3067 950 3126 rex,
969 3047 1004 3113 in
1019 3048 1244 3115 transmarinis
1258 3056 1292 3114 et
1305 3067 1337 3121 rr

195 3153 332 3220 remotis
343 3153 499 3239 partibus,
514 3153 668 3220 sedandis
684 3151 882 3218 tumultibus
896 3151 1023 3217 bellicis
1036 3170 1173 3236 operam
1187 3151 1292 3228 daret,

195 3257 334 3341 contigit
355 3267 394 3324 vt
414 3255 508 3322 fieret
529 3255 592 3322 sibi
613 3275 743 3322 summe
764 3255 948 3321 necessaria
971 3255 1016 3321 ad
1042 3254 1105 3319 hec
1127 3254 1293 3339 explenda

196 3370 368 3428 numerata
397 3361 546 3444 pecunia.
597 3357 796 3426 Confluebat
825 3359 950 3425 interea
978 3359 1023 3425 ad
1053 3359 1139 3444 regis
1168 3357 1293 3424 curiam

195 3462 333 3549 querula
353 3463 531 3529 multitudo
551 3461 756 3540 colonorum,
774 3461 827 3528 vel
848 3462 938 3546 quod
959 3463 1093 3548 grauius
1114 3462 1178 3529 srbi
1201 3463 1305 3528 vide·-

196 3568 294 3634 batur
313 3566 513 3652 pretereunti
532 3566 720 3650 frequenter
738 3566 942 3646 occursabat,
962 3566 1084 3634 oblatis
1105 3567 1293 3633 vomeribus
1305 3585 1340 3638 ³0

195 3671 230 3736 in
242 3671 375 3756 signum
386 3667 567 3737 deficientis
582 3668 789 3754 agriculture.
827 3669 1012 3736 Innumeris
1025 3671 1117 3736 enim
1131 3669 1294 3737 molestiis

195 3775 432 3858 premebantur
454 3773 626 3840 occasione
644 3771 836 3839 victualium
858 3792 924 3857 que
945 3793 1004 3857 per
1024 3773 1181 3857 plurimas
1202 3773 1294 3859 regni

195 3887 307 3964 partes
328 3899 349 3944 a
370 3878 504 3944 sedibus
525 3877 665 3963 propriis
685 3875 887 3943 deserebant.
932 3875 1064 3943 Horum
1089 3877 1189 3962 igitur
1213 3897 1294 3962 que·

195 3981 271 4048 relis
293 3981 467 4047 inclinatus
483 4001 553 4056 rex,
575 3977 715 4047 diffinito
738 3999 934 4065 magnorum
955 3979 1093 4046 consilio
1115 3979 1294 4046 destinauit

196 4105 257 4170 per
284 4105 422 4169 regnum
450 4105 535 4170 quos
557 4085 602 4150 ad
629 4083 664 4150 id
693 4082 922 4168 prudentiores
946 4092 980 4148 et
1004 4083 1209 4150 discretiores
1238 4104 1293 4149 co-
1306 4102 1338 4156 55

232 4217 251 4273 4
267 4202 427 4331 οτῇοιιᾶιιιιιὲ
439 4203 644 4260 ordiendnmR
765 4202 782 4259 8
800 4200 864 4273 bec]
878 4200 970 4260 hocC
1104 4215 1137 4258 ιο
1148 4203 1186 4258 ad
1197 4219 1252 4259 om.
1262 4203 1299 4258 N

198 4287 388 4358 rrregnong.
528 4271 728 4376 16&me
832 4272 1047 4356 16habebatN
1161 4285 1295 4340 r7aom.

196 4346 458 4489 llmmlssolllflpff
465 4343 886 4553 Ibiwoxbdblreerrseha'sidoidffdox:
900 4343 1121 4488 b9uenrlbl1sol⁸olilll
1195 4355 1230 4410 ²⁷
1248 4359 1295 4399 a·

241 4513 353 4548 mmet·
