3360 5172
373 345 435 429 158
739 341 806 408 ns
829 339 1103 410 scaccmuo
1289 341 1481 426 [1121an
1508 291 1514 300 ’

415 513 612 600 Discipulru.
648 511 783 594 Dixisti,
794 512 822 578 si
832 511 918 578 bene
933 513 1079 592 memini,
1089 511 1278 597 frequenter
1288 512 1322 578 in
1338 531 1475 578 manum

372 621 458 704 regis
472 619 626 685 baronias
640 616 694 684 vel
708 615 829 684 fundos
845 616 997 684 incidere.
1036 617 1169 684 Vellem
1185 617 1295 703 igitur,
1311 617 1338 682 si
1353 617 1475 702 placet,

372 723 565 806 explicares,
574 741 644 806 quo
654 721 770 786 ordine
785 721 935 792 redditus
946 729 1152 786 escaemrum
1164 721 1208 786 ad
1224 720 1340 786 liscum
1353 739 1476 805 proue-

372 828 472 904 niant,
487 827 515 892 si
531 845 597 891 vno
613 825 716 890 modo
730 823 783 890 vel
798 823 1014 890 dissimiliter.

261 897 360 958 ”vu
334 931 591 1029 AMagister.
635 927 758 995 Cum
747 949 780 994 ιιι
807 948 943 994 manum
969 929 1055 1014 regis
1080 927 1219 995 baronia
1239 925 1291 991 vel
1316 946 1474 1010 magnum

334 979 496 1118 Aaliquid
510 1032 646 1110 excidit,
661 1032 819 1098 mandato
839 1031 910 1097 cius
924 1029 977 1096 vel
993 1030 1190 1116 presidentis
1204 1031 1249 1096 ad
1263 1029 1326 1096 hec
1342 1029 1474 1096 discreti

370 1138 541 1222 utriusque
560 1136 682 1203 ordinis
696 1136 757 1202 viri
778 1137 984 1222 diriguntur;
1009 1136 1066 1220 qui
1085 1133 1217 1220 singula
1237 1133 1474 1219 perlustrantes

372 1241 520 1308 redditus
548 1241 728 1306 earundem
758 1240 792 1304 in
824 1259 989 1305 summam
1020 1240 1174 1324 redigunt
1202 1248 1237 1304 et
1265 1239 1310 1303 de
1339 1237 1403 1302 hac
1430 1238 1475 1302 ad

372 1345 570 1411 scaccarium
597 1343 701 1409 teneri
726 1343 953 1410 vicecomitem
977 1343 1031 1408 vel
1056 1341 1241 1427 quemlibet
1266 1341 1369 1406 alium
1395 1361 1474 1406 oon·

329 1449 524 1516 restituunt.
570 1446 783 1514 Satislaciens
803 1447 904 1531 igitur
923 1448 966 1512 de
986 1447 1049 1512 hac
1068 1467 1201 1512 summa
1220 1448 1257 1528 is,
1271 1445 1329 1530 qui
1347 1447 1391 1511 ad
1411 1445 1474 1509 hec

371 1553 574 1618 constitutus
599 1559 659 1630 est,
680 1551 714 1617 in
739 1551 882 1617 denariis
903 1549 957 1616 vel
978 1551 1132 1616 breuibus
1153 1548 1206 1615 vel
1231 1549 1337 1628 taleis,
1359 1549 1475 1614 subse·

372 1667 498 1740 quente
512 1655 578 1720 fide
599 1656 642 1721 de
663 1654 829 1739 legittimo
851 1663 1019 1738 compoto,
1034 1665 1178 1720 meretur
1200 1652 1349 1731 absolui3
1376 1654 1476 1719 etde

372 1780 413 1826 ea
438 1761 487 1824 sic
509 1760 672 1826 scribetur
696 1760 730 1824 in
751 1759 872 1836 mnali,
892 1758 978 1823 ‘Ille
997 1757 1050 1823 vel
1074 1756 1128 1822 ille
1150 1757 1260 1822 reddit
1279 1767 1474 1842 compotum

373 1864 416 1928 de
432 1864 527 1929 firma
541 1863 677 1929 honoris
689 1862 786 1928 illius.
827 1862 866 1927 In
876 1863 1031 1928 thesaum
1045 1861 1120 1942 hoc,
1131 1859 1177 1928 Et
1191 1862 1323 1946 quietus
1336 1859 1405 1926 eet’
1420 1859 1479 1926 vel

330 1991 359 2043 ¹5
373 1965 438 2034 ‘Et
453 1965 574 2033 debet’
618 1967 744 2031 Verum
762 1986 839 2031 cum
862 1987 923 2031 rex
946 1975 1077 2032 escaete
1100 1984 1160 2030 sue
1188 1967 1373 2032 custodiam
1397 1964 1476 2029 fidei

373 2069 508 2135 alicuius
530 2069 739 2149 commiserit,
764 2077 803 2134 vt
828 2069 983 2136 videlicet
1005 2069 1097 2153 quod
1118 2069 1197 2134 inde
1219 2067 1408 2153 prouenerit
1429 2067 1475 2132 ad

372 2173 573 2238 scaccarium
598 2171 716 2252 soluat,
741 2181 819 2257 po'st
842 2172 968 2240 lactum
995 2182 1189 2257 compotum
1219 2171 1301 2238 fides
1330 2171 1386 2236 illa
1411 2171 1482 2235 sub*

372 2278 522 2361 predicto
536 2277 710 2342 verborum
726 2285 839 2343 tenore
854 2296 921 2342 non
936 2277 1078 2357 dabitur,
1089 2278 1192 2342 immo
1207 2278 1297 2361 quod
1313 2286 1479 2359 quantum«

372 2381 451 2444 inde
467 2379 519 2444 vel
541 2379 575 2444 in
596 2379 738 2445 denariis
757 2378 812 2445 vel
833 2380 905 2446 aliis
926 2383 1179 2466 quibuscunque
1200 2381 1298 2446 rebus
1320 2379 1481 2463 suscepit,-

329 2507 361 2544 ιο
372 2491 512 2564 tantum,
523 2483 704 2548 secundum
715 2502 810 2550 suam
825 2485 1070 2567 conscientiam,
1084 2484 1128 2549 ad
1143 2483 1340 2550 scaccarium
1355 2482 1476 2558 soluit;

372 2588 526 2670 exceptis
546 2586 601 2652 his
620 2588 797 2654 dumtaxat
811 2588 1010 2654 victualibus
1027 2608 1092 2672 que
1113 2589 1187 2673 ipso
1209 2589 1342 2653 nornine
1362 2587 1479 2652 exenia

372 2711 467 2758 orum
483 2710 549 2756 non
566 2700 764 2774 procurante
777 2691 841 2757 sibi
857 2692 978 2757 collata
992 2703 1080 2758 sunt.

416 2793 612 2878 Disciprclus
658 2794 831 2880 Numquid
846 2805 958 2862 custos
978 2797 1033 2862 ille
1050 2799 1094 2864 de
1112 2797 1162 2863 his
1177 2796 1359 2863 redditibus
1373 2795 1476 2862 victui

373 2899 557 2966 necessaria
571 2901 733 2985 percipit?

329 3025 360 3076 25
416 3002 593 3086 Magister
648 3003 743 3070 Licet
770 3005 930 3090 scriptum
959 3004 1039 3070 sit‘
1049 3023 1117 3070 non
1146 3003 1299 3090 alligabis
1327 3023 1368 3069 os
1397 3001 1477 3069 boui

372 3105 558 3186 trituranti:
582 3117 696 3174 tamen
722 3107 786 3174 nisi
812 3127 972 3192 expresso
996 3108 1083 3192 regis
1106 3109 1264 3175 mandato
1287 3108 1330 3172 de
1353 3107 1405 3172 his
1431 3105 1478 3170 nil

374 3211 541 3295 percipiet
587 3211 730 3297 Propriis
750 3211 837 3277 eninr
859 3211 1040 3295 stipendiis,
1059 3212 1210 3296 quisquis
1233 3210 1289 3276 ille
1310 3210 1452 3286 fuerit,
1442 3229 1476 3274 m

374 3313 425 3378 his
456 3317 526 3398 regi
560 3315 725 3381 militabit
784 3316 837 3380 De
861 3314 1054 3381 huiusmodi
1082 3324 1196 3380 autem
1226 3315 1271 3378 sic
1300 3314 1334 3378 in
1364 3312 1481 3378 annali·

374 3417 535 3483 scribetur
563 3417 647 3483 ‘Ille
674 3417 728 3483 vel
758 3418 813 3486 ille
841 3418 950 3484 reddit
979 3427 1173 3503 compotum
1195 3419 1238 3484 de
1266 3417 1360 3483 exitu
1390 3415 1484 3482 illius

329 3555 362 3606 30
374 3519 509 3586 honoris
530 3540 590 3603 per
610 3539 725 3587 verum
746 3521 873 3587 dictum
895 3517 1011 3586 suum.¹

341 3641 363 3691 Β
418 3622 505 3689 Cum
531 3623 631 3706 igitur
656 3623 700 3688 de
723 3625 879 3690 omnibus
902 3625 1069 3709 predictis,
1092 3623 1279 3691 constitutis
1304 3623 1358 3690 vel
1383 3643 1482 3690 casu--

374 3725 491 3802 alibus,
516 3725 720 3792 satisfactum
749 3727 847 3793 luerit
875 3739 910 3794 et
938 3729 1058 3794 luerint
1085 3728 1216 3813 singula
1242 3730 1476 3812 perordinem

375 3831 541 3895 autentice
574 3829 672 3896 rotuli
704 3830 866 3915 scripture
896 3834 1066 3916 deputata,
1095 3833 1288 3898 conuocatis
1323 3835 1486 3900 omnibus·

375 3932 857 4020 assidentibus‚adprincipalis
865 3934 959 4002 firme
969 3948 1163 4022 compotum
1172 3940 1486 4016 consummandum·

331 4053 362 4106 3⁵
376 4037 433 4122 qui
456 4037 490 4102 in
513 4057 646 4103 summo
668 4038 767 4106 rotuli
791 4049 968 4106 annotatus
993 4050 1053 4118 est,
1075 4041 1198 4106 reditur
1218 4049 1253 4106 et
1274 4040 1339 4107 hoc
1362 4042 1478 4106 ordine

416 4225 556 4310 7queN
657 4225 877 4297 13rcribiturR
942 4227 1138 4297 14EtonaR
1203 4227 1481 4299 24postneceesarin

377 4296 950 4440 ffiurqmrlgddimffleredictumlv
988 4313 1023 4370 33
1041 4299 1161 4356 retuliR
1240 4311 1273 4370 35
1292 4299 1479 4358 rediturscn'·
