3290 5134
174 405 240 471 1115
255 401 297 494 n]
547 407 615 473 ms
638 405 912 476 scnccnnro
1238 411 1280 498 63

175 576 456 643 numerandorum
483 577 517 644 id
539 579 582 644 de
604 599 671 663 quo
693 579 867 646 dubitatur
888 579 1053 664 proicitur.
1112 578 1174 670 [Et
1197 591 1278 648 nota

175 681 339 762 quosdam
363 682 542 746 comitatus
563 703 586 748 a
610 692 762 766 tempore
785 684 872 766 regis
898 683 1036 750 Henrici
1063 685 1160 768 primi
1184 695 1218 751 et
1244 687 1279 751 in

175 795 326 867 tempore
348 785 435 870 regis
457 784 595 852 Henrici
615 786 750 851 secundi
772 786 860 852 licite
884 787 1032 871 potuisse
1053 788 1280 873 cuiuscunque

175 899 310 954 monete
329 887 483 955 denarios
502 888 659 956 solutioni
674 888 792 955 offerre
807 890 991 956 dummodo
1005 891 1153 976 argentei
1168 902 1279 959 essent

174 1000 209 1057 et
233 991 372 1076 ponderi
397 991 548 1076 legitimo
575 1012 641 1057 non
671 994 865 1070 obstarent;
895 995 976 1076 quia
1003 994 1131 1060 scilicet
1161 1015 1305 1078 mone-5

175 1095 276 1160 tan'os
301 1115 345 1159 ex
371 1094 508 1179 antiqua
538 1095 746 1162 institutione
775 1117 841 1162 non
871 1096 1032 1162 habentes
1060 1100 1278 1183 vndecunque
1388 1165 1390 1172 ,

174 1197 238 1264 sibi
260 1197 409 1264 denarios
430 1199 673 1284 perquirebant,
693 1198 808 1283 quales
829 1209 908 1266 sunt
930 1201 1223 1268 Norhumbcrland
1244 1212 1280 1271 ct

175 1301 411 1369 Cumberland.
458 1303 514 1370 Sic
539 1315 652 1370 autern
678 1305 823 1389 suscepti
847 1305 984 1382 denarii,
1014 1305 1093 1372 licet
1114 1307 1157 1371 de
1182 1306 1279 1374 firma

175 1415 295 1482 essent,
309 1425 457 1471 seorsum
472 1416 585 1472 tamen
603 1408 647 1472 ab
664 1407 737 1473 aliis
752 1428 828 1473 cum
842 1408 1041 1491 quibusdam
1057 1409 1158 1494 signis
1171 1431 1277 1496 appo-

175 1509 248 1575 sitis
264 1510 489 1576 mittebantur.
535 1510 668 1593 Reliqui
685 1532 764 1577 vero
785 1512 963 1578 comitatus
985 1513 1073 1577 solos
1091 1513 1221 1586 vsuales
1242 1525 1322 1585 etro

175 1612 327 1678 instantis
343 1623 477 1679 monete
495 1613 674 1698 legittimos
688 1615 840 1681 denarios
854 1623 925 1681 tarn
940 1617 983 1681 de
998 1615 1100 1682 firmis
1115 1636 1217 1699 quarn
1232 1618 1309 1682 dec

174 1717 304 1802 placitis
326 1718 518 1784 afferebant.
563 1719 621 1797 At,
642 1729 820 1804 postquam
843 1741 903 1785 rex
925 1720 1061 1786 illustris
1086 1721 1179 1787 cuius
1201 1720 1274 1786 laus

175 1830 225 1887 est
252 1822 286 1886 in
312 1821 410 1886 rebus
436 1822 565 1907 magnis
591 1822 806 1889 excellentior
830 1825 892 1889 sub
919 1823 1109 1890 monarchia
1132 1845 1191 1891 sua
1216 1846 1275 1911 per

174 1925 362 1991 uniuersum
382 1947 521 2011 regnum
540 1947 641 1992 vnum
665 1929 795 2010 pondus
817 1937 851 1994 et
869 1948 968 1994 vnam
991 1939 1161 1995 monetam
1183 1929 1277 1996 insti·

174 2028 247 2106 tuit,
262 2029 369 2095 omnis
386 2029 564 2096 comitatus
584 2051 651 2096 vna
673 2030 754 2114 legis
777 2032 973 2097 necessitate
995 2033 1100 2098 teneri
1122 2042 1157 2098 et
1177 2053 1321 2116 gene-15

174 2133 251 2198 ralis
279 2133 466 2199 commercii
495 2133 653 2200 solutioni
683 2136 772 2219 cepit
801 2134 951 2220 obligari.
1007 2135 1135 2202 Omnes
1164 2136 1276 2220 itaque

175 2238 264 2302 idem
275 2247 407 2302 monete
415 2257 520 2322 genus
529 2240 831 2324 quomodocunque
839 2248 1015 2305 teneantur
1023 2239 1167 2306 soluunt
1205 2240 1276 2308 Sed

174 2351 286 2406 tamen
313 2341 496 2406 exactionis
527 2362 591 2425 que
613 2344 656 2407 de
681 2343 912 2409 combustione
935 2343 1088 2428 prouenit
1114 2343 1275 2410 iacturam

175 2465 290 2510 omnes
306 2466 372 2510 non
381 2441 572 2535 sustinent]
608 2447 694 2512 Item
709 2448 754 2512 hii
768 2447 873 2514 taleas
884 2446 1008 2513 faciunt
1018 2448 1061 2513 de
1077 2450 1228 2532 receptis,
1242 2458 1276 2514 et

175 2569 350 2614 commune
363 2558 416 2616 est
430 2550 478 2615 eis
498 2570 574 2614 cum
590 2550 707 2618 clerico
722 2550 916 2617 thesaurarii
931 2561 966 2616 vt
982 2571 1042 2635 per
1061 2552 1174 2616 breuia
1189 2551 1276 2638 regis
1289 2574 1321 2624 so

174 2652 225 2718 vel
236 2662 392 2738 precepto
404 2653 576 2730 baronum,
586 2653 779 2721 thesaurum
789 2664 980 2739 susceptum
991 2656 1196 2740 expendant,
1207 2676 1274 2720 non

174 2765 286 2822 tamen
309 2756 500 2824 inconsultis
519 2759 660 2823 dominis
683 2759 760 2824 suis.
806 2759 865 2823 Hii
883 2768 949 2824 tres
970 2758 1066 2824 simul
1085 2780 1200 2825 omnes
1221 2759 1274 2825 vel

174 2861 313 2926 vicissim
321 2881 396 2927 cum
408 2861 564 2927 thesauro
576 2863 752 2928 mittuntur
762 2883 837 2928 cum
848 2863 1041 2948 oportuerit.
1081 2862 1157 2928 Hiis
1169 2862 1274 2929 tribus

173 2965 331 3049 precipua
339 2985 416 3031 cura
428 2975 476 3030 est
487 2967 521 3029 in
531 2966 686 3031 omnibus
695 2965 758 3031 hiis
769 2986 835 3050 que
850 2967 993 3032 inferiori
1009 2968 1169 3032 scaccario
1180 2965 1273 3033 fiunt

216 3067 412 3151 Dr'sczpulus.
458 3069 550 3154 Ergo
564 3080 601 3135 vt
615 3070 712 3136 video
732 3070 808 3136 licet
828 3069 890 3134 hiis
910 3090 972 3154 per
992 3070 1093 3134 breue
1114 3071 1201 3154 regis
1220 3070 1273 3135 vel
1288 3087 1319 3140 ²5

174 3181 331 3256 precepto
354 3192 468 3236 eorum
491 3173 547 3256 qui
570 3172 738 3257 president
760 3172 952 3238 thesaurum
978 3181 1169 3256 susceptum
1196 3193 1274 3239 con·

173 3276 269 3342 sultis
284 3286 394 3341 tamen
411 3277 552 3342 dominis
567 3277 633 3341 suis
649 3276 846 3360 expendere.

217 3379 389 3462 Magister.
435 3380 540 3456 Licet,
555 3381 699 3464 inquam,
713 3380 777 3446 hoc
793 3380 903 3446 modo.
949 3380 1004 3444 De
1026 3378 1274 3447 liberationibus

173 3483 386 3550 seruientium
415 3481 574 3549 inferioris
602 3484 755 3550 scaccarii
785 3493 819 3549 et
848 3484 892 3549 de
921 3484 1054 3549 minutis
1083 3486 1274 3550 necessariis

173 3587 324 3653 scaccarii
350 3587 507 3664 emendis,
530 3586 643 3670 qualia
670 3597 747 3654 sunt
769 3608 850 3653 vasa
876 3587 931 3654 illa
955 3588 1062 3673 lignea
1085 3597 1120 3655 ct
1144 3588 1208 3653 alia
1230 3588 1319 3674 des?

173 3691 294 3775 quibus
309 3688 391 3756 inira
407 3691 542 3771 dicetur,
556 3711 671 3755 eorum
687 3690 762 3756 fidei
781 3692 1004 3758 committitur.
1049 3691 1146 3757 Alias
1160 3703 1272 3758 autern

173 3815 248 3859 non.
286 3792 353 3878 Qui
364 3814 443 3858 vero
456 3792 557 3858 breue
571 3795 658 3878 regis
668 3793 720 3859 vel
735 3802 862 3860 cartam
875 3794 1032 3861 detulerit
1048 3815 1109 3879 pro
1123 3797 1270 3879 pecunia,

173 3897 428 3982 precipientibus
452 3897 596 3965 dominis
619 3897 696 3976 suis,
719 3897 834 3964 bacci
857 3898 931 3982 lege
952 3898 1100 3965 soluatur
1122 3901 1156 3964 id
1179 3900 1269 3984 quod
1283 3913 1309 3963 n

172 4021 330 4085 expresse
343 4000 531 4067 nominatur
546 4001 580 4066 in
595 4001 687 4067 breui
701 4009 748 4082 vt,
764 4012 943 4086 antequam
959 4013 1067 4082 exeat,
1081 4014 1270 4088 susceptam

209 4139 271 4194 tid
284 4138 581 4210 dequorcn'psimus:
599 4137 803 4210 idemquodC
861 4139 898 4195 de
928 4157 964 4196 uo
972 4140 1033 4195 NR
1095 4139 1276 4212 §quodsiN

42 4191 50 4205 ⁸
171 4209 388 4281 9quibusdam]
401 4208 552 4280 quibusN
654 4223 687 4265 10
704 4209 887 4265 mittebantur
927 4211 1103 4267 :mittebant
1112 4213 1149 4266 N
1152 4227 1159 4266 τ
1179 4211 1272 4268 lac.R

173 4295 203 4337 11
220 4279 352 4335 firmasR
417 4280 609 4351 r5omnesN
666 4278 1011 4350 rbeommercii]c...R
1066 4295 1097 4350 17
1111 4282 1277 4337 teneantN

174 4365 207 4419 19
225 4349 383 4407 sustineant
394 4350 430 4406 N
492 4364 527 4418 ²⁴
545 4350 615 4408 fiunt
630 4351 655 4409 C
663 4353 694 4407 in
707 4367 829 4406 rasura:
847 4349 928 4408 fuerit
940 4352 969 4407 R
1034 4367 1069 4422 29
1087 4351 1270 4409 seruientium

166 4425 234 4494 post
240 4420 374 4480 scaccarii
382 4425 470 4495 pontt
481 4422 506 4479 C
514 4438 606 4495 marg.
697 4435 740 4492 33,
751 4435 786 4491 34
798 4421 828 4478 id
840 4461 848 4479 .
859 4461 867 4478 .
880 4462 889 4480 .
900 4422 1123 4480 dominaturam.
1136 4424 1164 4479 R
