3360 5172
183 385 214 438 11
227 369 282 437 viii
297 365 339 459 A]
553 369 620 438 DE
643 364 915 436 SCACCARIO
1217 379 1282 450 129

184 542 232 608 sic
261 539 532 624 condempnandi
561 559 628 606 non
659 538 721 602 nisi
754 546 925 603 numerata
954 537 998 602 de
1032 535 1111 602 fisco
1141 537 1282 622 pecunia

185 645 375 730 puniuntur.
419 643 587 728 Quicquid
616 643 716 727 igitur
745 642 789 706 ad
819 640 881 708 hec
910 641 1033 708 iudicia
1061 643 1114 708 vel
1144 641 1287 710 iustitias

186 749 317 816 effectui
347 749 585 832 mancipandas
613 747 818 812 detestabilis
840 745 979 812 auaritie
1005 746 1203 826 hominibus,
1225 747 1283 831 qui

185 851 247 919 hec
263 873 324 937 pro
343 852 512 936 sanguinis
530 851 687 918 effusione
706 849 897 935 suscipiunt,
912 871 933 916 a
952 849 1147 916 vicecomite
1167 870 1283 916 nume-

186 967 286 1037 ratur,
302 976 362 1039 per
376 955 649 1022 consuetudinem
665 954 818 1020 scaccarii
833 952 895 1019 sibi
913 963 1134 1039 computatur,
1151 953 1215 1020 hoc
1232 963 1310 1020 ests

188 1079 254 1125 non
269 1080 328 1144 per
340 1061 445 1125 ’breue
460 1059 555 1143 regis
601 1059 665 1124 Est
678 1068 712 1124 et
727 1058 818 1124 aliud
830 1059 921 1143 quod
937 1077 996 1140 per
1010 1059 1283 1124 consuetudinem
1297 1067 1319 1118 c

188 1163 295 1228 solam
314 1163 501 1229 vicecomiti
520 1163 642 1229 debeat
658 1163 855 1246 computari
902 1161 990 1226 Cum
1009 1161 1096 1247 regis
1115 1161 1285 1228 thesaurus

187 1268 232 1333 de
252 1268 327 1333 ioco
345 1267 504 1332 inlocum
526 1268 685 1333 maiorum
702 1266 966 1333 consideratione
982 1265 1176 1332 deferendus
1194 1264 1285 1332 vehi·

189 1371 271 1436 culis
297 1379 330 1436 et
351 1371 540 1438 huiusmodi
569 1372 751 1438 minoribus
775 1371 964 1454 indiguerit,
986 1369 1186 1454 precipiente
1213 1370 1286 1436 the-

188 1475 334 1540 saurario
347 1474 401 1540 vel
414 1475 602 1541 camerariis
615 1475 668 1541 vel
679 1474 894 1542 seruientibus
908 1493 1022 1539 eorum
1034 1473 1078 1539 ad
1092 1472 1155 1540 hec
1173 1473 1288 1552 missis,
1303 1491 1336 1536 m

189 1579 372 1648 vicecomes
396 1580 440 1645 de
469 1577 565 1645 firma
594 1600 654 1644 sua
683 1579 773 1664 quod
800 1577 983 1662 oportuerit
1008 1576 1136 1643 inuenit
1162 1587 1198 1645 et
1222 1578 1287 1644 hoc

190 1681 301 1766 ipsum
315 1683 505 1749 vicecomiti
525 1684 596 1750 sine
613 1683 705 1749 breui
726 1689 948 1767 computatur,
963 1679 1158 1765 perhibente
1174 1690 1288 1748 tamen

189 1806 290 1870 super
311 1785 375 1852 hoc
396 1787 624 1853 testimonium
649 1807 760 1852 coram
785 1786 967 1854 maioribus
992 1785 1066 1870 ipso
1087 1786 1293 1852 thesaurario

190 1891 243 1956 vel
259 1890 407 1975 quoIIbet
426 1891 650 1977 predictorum
669 1892 727 1975 qui
744 1890 806 1956 hec
823 1889 894 1956 fieri
913 1890 1140 1970 mandauerit;
1162 1899 1197 1956 et
1212 1899 1290 1956 tunc

192 1995 320 2060 dicetur
335 1994 369 2060 in
383 1995 493 2062 rotulo
508 1996 560 2061 ‘in
574 1994 638 2062 hiis
653 1994 707 2060 vel
721 1994 784 2060 iliis
798 1995 989 2060 necessariis
999 1993 1144 2060 thesauri
1159 1993 1223 2060 hoc
1237 1993 1290 2060 vel
1305 2013 1339 2068 ¹⁵

192 2097 276 2164 illud
296 2119 357 2185 per
377 2097 465 2164 hunc
486 2099 540 2166 vel
566 2096 677 2165 illum’
724 2099 809 2164 Item
835 2098 863 2165 si
886 2098 984 2182 piscis
1012 2099 1129 2184 regius,
1156 2098 1291 2167 mmbvs

193 2203 246 2270 vel
262 2213 355 2268 cetus
370 2201 423 2268 vel
440 2202 525 2268 alius
542 2203 730 2269 huiusmodi
750 2198 1049 2287 comprehenditur,
1064 2202 1153 2286 quod
1175 2202 1209 2266 in
1227 2201 1292 2274 hiis

194 2307 351 2377 saliendis
388 2317 421 2373 et
450 2307 523 2373 aliis
556 2306 745 2374 necessariis
782 2306 1005 2372 ministrandis
1040 2326 1062 2370 a
1097 2304 1291 2371 vicecomite

193 2413 343 2492 mittitur,
358 2412 429 2476 sine
448 2410 541 2476 breui
559 2418 781 2496 computatur.
827 2410 913 2477 Item
933 2409 1024 2494 quod
1045 2409 1079 2474 in
1099 2408 1292 2475 excolendis

194 2517 368 2581 dominicis
383 2515 486 2582 vineis
506 2515 592 2600 regis
607 2525 642 2582 et
656 2514 721 2580 hiis
738 2514 982 2580 vindemiandis
996 2513 1049 2580 vel
1066 2515 1153 2580 vasis
1168 2523 1203 2580 et
1219 2515 1292 2580 aliis
1307 2531 1341 2578 aa

194 2619 384 2686 necessariis
410 2619 635 2685 ministrandis
660 2619 868 2703 expenditur,
890 2619 961 2684 sine
984 2617 1078 2684 breui
1104 2639 1163 2704 per
1191 2617 1295 2688 fidem

195 2723 397 2791 vicecomitis
413 2731 632 2808 computatur.
677 2722 731 2788 De
751 2743 818 2806 qua
837 2721 914 2803 fide,
935 2723 962 2788 si
981 2722 1084 2788 semei
1106 2733 1166 2789 aut
1183 2723 1294 2807 sepius

195 2838 230 2894 et
260 2827 400 2911 qualiter
428 2826 497 2903 fiat,
528 2827 611 2893 inira
640 2827 777 2895 dicetur.
821 2827 894 2892 Hec
925 2836 1003 2892 sunt
1029 2827 1129 2912 igitur
1157 2847 1228 2912 que
1248 2827 1292 2892 ad

195 2951 332 3015 presens
360 2931 457 2996 nobis
484 2941 658 2998 occurrunt
684 2931 870 2998 vicecomiti
899 2953 959 3016 per
987 2931 1092 2996 solam
1118 2938 1292 2996 consuetu-

194 3037 306 3104 dinem
329 3034 576 3119 computanda:
607 3055 695 3101 nunc
720 3037 763 3101 de
791 3037 908 3102 ceteris
933 3055 999 3121 que
1027 3037 1071 3101 ad
1101 3045 1292 3120 compotum
1306 3050 1340 3101 ²5

196 3141 240 3214 de
255 3159 392 3224 corpore
407 3139 586 3204 comitatus
603 3139 770 3223 pertinent
785 3159 1033 3223 prosequamur.

238 3245 295 3310 Fit
310 3244 478 3310 interdum
491 3251 528 3308 vt
542 3242 705 3327 precipiat
724 3263 785 3308 rex
800 3242 987 3308 vicecomiti
1004 3263 1064 3327 per
1078 3243 1180 3307 breue
1193 3261 1290 3308 suum
1304 3284 1330 3332 Α

195 3350 286 3433 quod
317 3347 490 3412 incastris
519 3344 698 3427 firmandis,
727 3345 780 3411 vel
808 3347 844 3410 in
873 3345 1008 3412 edificiis
1038 3356 1071 3413 et
1103 3345 1292 3412 huiusmodi

194 3451 406 3527 instruendis,
432 3450 477 3515 de
499 3448 595 3520 firma
616 3469 677 3514 sua
698 3449 881 3520 necessaria
911 3449 1083 3529 ministret,
1105 3468 1164 3533 per
1184 3450 1293 3518 visum

195 3557 338 3622 duorum
360 3554 413 3620 vel
436 3555 536 3619 trium
557 3553 713 3635 virorum,
726 3573 867 3637 quorum
890 3553 1026 3618 nomina
1047 3553 1082 3617 in
1104 3554 1177 3637 ipso
1198 3553 1292 3620 breui
1306 3569 1341 3622 30.

196 3661 435 3746 exprimuntur,
462 3667 495 3723 et
518 3658 622 3723 addat
648 3657 681 3723 in
706 3656 772 3728 fine
798 3655 935 3723 verbum
962 3657 1063 3722 breue
1086 3666 1135 3722 set
1156 3678 1293 3745 compu-

196 3763 346 3829 tantibus
361 3761 592 3839 necessarium,
606 3765 660 3827 ‘et
675 3762 923 3846 computabitur
938 3760 999 3825 tibi
1014 3761 1058 3827 ad
1073 3763 1294 3827 scaccarium!

198 3866 285 3933 Cum
301 3867 401 3949 igitur
411 3874 548 3931 ventum
563 3865 660 3930 fuerit
671 3865 714 3930 ad
731 3874 923 3949 compotum
936 3864 1149 3943 vicecomitis,
1160 3865 1296 3936 veniant

198 3968 296 4034 simul
311 3969 368 4052 qui
383 3969 479 4035 electi
497 3979 576 4035 sunt
590 3970 742 4035 custodes
758 3989 896 4053 operum
913 3979 957 4046 et,
972 3967 1038 4034 fide
1053 3969 1087 4034 in
1102 3968 1235 4054 publica
1250 3971 1293 4039 ab

198 4073 279 4157 ipsis
297 4073 436 4156 prestita
457 4075 548 4158 quod
569 4076 751 4140 secundum
773 4072 1007 4140 conscientiam
1024 4091 1119 4139 suam
1141 4072 1184 4137 ad
1207 4072 1293 4156 regis
1307 4083 1344 4138 33

198 4177 376 4242 vtiiitatem
399 4176 432 4241 in
458 4178 531 4263 ipso
552 4197 652 4263 opere
674 4176 844 4242 nominata
866 4196 997 4242 summa
1017 4176 1215 4260 prouenerit,
1234 4175 1293 4242 fiat

233 4341 251 4397 9
263 4329 332 4398 post
342 4327 512 4410 precipiente
523 4331 588 4389 add
600 4339 628 4388 et
640 4331 668 4387 R
759 4343 793 4399 ²3
810 4327 894 4400 igitur
905 4336 970 4384 sunt
984 4329 1009 4385 C
1092 4339 1126 4396 27
1145 4326 1203 4402 Fit]
1217 4326 1259 4384 Sit
1273 4327 1298 4385 C

199 4401 232 4456 28
244 4400 332 4470 pn'us
344 4415 373 4456 ru
385 4417 436 4458 om.
448 4403 477 4459 R

242 4521 351 4554 nemon
757 4502 776 4555 S
