3360 5172
161 413 214 472 rv
228 401 265 496 s]
527 403 594 472 na
617 403 891 473 scnccnruo
1218 419 1259 488 79

162 596 250 661 sicut
278 592 503 678 supradictum
533 602 592 674 est,
621 602 655 660 et
684 595 870 661 cauendum
900 603 950 660 est
978 593 1041 680 ipsi
1072 614 1115 660 ne
1143 594 1196 661 vel
1226 595 1260 660 in

162 719 300 766 numero
314 699 366 764 vel
384 699 419 763 in
438 717 538 764 causa
552 696 604 762 vel
624 698 659 762 in
679 719 818 782 persona
837 698 880 764 sit
900 719 998 776 error,
1013 718 1056 764 ne
1070 698 1261 764 absoluatur

163 803 220 888 qui
249 803 383 886 quietus
412 821 478 866 non
507 810 568 880 est,
592 801 645 868 vel
675 822 785 867 rursus
813 803 1026 867 conueniatur
1055 802 1111 886 qui
1142 803 1261 868 meruit

161 906 302 974 absolui.
346 905 457 970 Tanta
477 925 621 988 namque
640 905 738 970 rotuli
758 907 828 970 eius
848 906 1027 972 auctoritas
1049 915 1100 972 est
1121 914 1158 970 vt
1180 905 1259 971 nulli

162 1011 261 1076 liceat
281 1009 311 1073 ei
332 1005 555 1075 contradicere
572 1009 623 1074 vel
640 1018 777 1086 mutare,
792 1010 855 1073 nisi
875 1008 960 1075 sorte
977 1019 1047 1076 tam
1068 1007 1260 1075 manifestus
1274 1019 1288 1070 5

163 1135 253 1180 error
272 1112 371 1178 suerit
383 1122 420 1178 vt
440 1111 595 1176 omuibus
614 1120 737 1196 pateat.
782 1112 902 1196 Neque
921 1122 1000 1178 tuuc
1021 1113 1083 1179 nisi
1105 1114 1149 1179 de
1169 1133 1260 1178 com-

163 1218 255 1283 muni
287 1216 427 1283 consilio
461 1216 611 1282 omnium
643 1216 804 1282 baronum
840 1219 959 1282 mutari
989 1217 1089 1282 debet
1118 1225 1152 1282 et
1181 1216 1261 1301 ipsis

164 1320 372 1407 presentibus
386 1340 462 1386 cum
476 1319 584 1386 adhuc
599 1320 724 1386 scilicet
737 1321 937 1386 scaccarium
957 1320 1044 1386 illius
1061 1329 1259 1404 perseuerat.

164 1423 371 1507 Scripturam
394 1443 473 1488 vero
499 1421 597 1488 rotuli
626 1423 783 1506 preterito
808 1442 897 1487 anno
923 1422 1054 1502 saetam,
1075 1422 1128 1488 vel
1157 1422 1257 1488 etiam

163 1528 262 1592 huius
282 1526 358 1592 anni
379 1525 526 1591 extantis
548 1534 626 1609 post
642 1527 789 1592 solutum
806 1527 1012 1605 scaccarium,
1032 1527 1113 1592 nulli
1133 1536 1260 1592 mutare
1275 1541 1305 1578 ¹0

165 1632 243 1697 licet
258 1630 320 1694 nisi
335 1629 416 1712 regi,
431 1628 484 1694 cui
498 1650 598 1716 super
611 1629 674 1696 hiis
687 1629 785 1696 licent
799 1650 996 1715 quecunque
1015 1630 1128 1696 libent
1173 1630 1260 1695 Item

163 1735 298 1800 adeum
316 1742 445 1816 spectat
459 1741 496 1798 vt
515 1734 559 1799 ad
579 1734 691 1799 omnia
710 1754 832 1817 magna
848 1736 981 1820 negotia
996 1755 1071 1800 cum
1086 1735 1261 1819 superiori·

164 1839 227 1904 bus
241 1846 428 1903 assumatur
441 1845 475 1902 et
490 1835 589 1902 nichil
605 1858 680 1902 eum
696 1839 809 1904 lateat.

209 1940 385 2026 Scriptoris
417 1941 474 2024 qui
506 1941 679 2024 proximus
713 1950 764 2007 est
798 1941 1002 2007 thesaurario
1033 1940 1178 2007 officium
1210 1951 1261 2008 est

164 2064 340 2131 preparare
354 2044 480 2111 rotulos
494 2045 537 2109 ad
553 2046 750 2130 scripturam
765 2066 810 2111 ex
825 2045 968 2130 pellibus
982 2045 1087 2111 ouinis
1106 2065 1172 2110 non
1189 2045 1306 2110 sine15

165 2169 273 2214 causa.
304 2149 498 2234 Longitudo
508 2159 620 2214 autem
632 2171 747 2215 eorum
759 2159 811 2216 est
821 2160 948 2233 quanta
959 2150 1065 2234 surgit
1076 2169 1121 2213 ex
1132 2150 1261 2216 duabus

164 2253 373 2331 membranis,
388 2273 456 2319 non
470 2261 583 2318 tamen
597 2253 800 2337 quibuslibet
814 2263 867 2320 set
882 2255 1022 2338 magnis,
1037 2254 1080 2318 ad
1097 2253 1161 2320 boc
1176 2273 1261 2339 opus

164 2379 209 2424 ex
231 2357 392 2422 industria
412 2358 606 2442 procuratis,
628 2358 769 2424 latitudo
790 2379 869 2424 vero
891 2356 992 2442 paulo
1013 2358 1088 2443 plus
1109 2378 1175 2422 vna
1200 2368 1291 2424 ex·s

164 2483 268 2547 pansa
292 2470 326 2527 et
350 2461 458 2526 semis.
503 2461 677 2545 Regulatis
700 2463 801 2547 igitur
826 2463 943 2528 rotulis
968 2483 989 2526 a
1017 2483 1149 2528 summo
1178 2483 1262 2546 pene

163 2586 269 2650 vsque
293 2567 447 2630 deorsum
474 2574 508 2630 et
533 2586 578 2630 ex
602 2577 740 2651 vtraque
764 2576 858 2651 parte
882 2566 977 2631 lineis
1003 2587 1024 2631 a
1047 2589 1083 2632 se
1107 2568 1262 2633 ‘decenter
1275 2593 1307 2630 ιο

164 2670 374 2750 distantibus,
386 2677 601 2752 prenotantur
611 2669 645 2734 iu
655 2691 787 2736 summo
799 2669 898 2736 rotuli
912 2671 1088 2737 comitatus
1103 2681 1137 2736 et
1150 2670 1262 2737 baillie

164 2775 208 2838 de
234 2773 353 2855 quibus
378 2771 463 2837 infra
488 2783 665 2857 compotus
690 2775 847 2840 redditur.
893 2775 998 2841 Facto
1023 2795 1102 2842 vero
1129 2777 1261 2843 modico

164 2874 340 2941 interuallo
354 2876 448 2960 quasi
463 2876 563 2941 trium
577 2876 629 2941 vel
644 2886 787 2961 quatuor
801 2877 979 2961 digitorum
999 2879 1209 2964 prescribitur
1227 2880 1261 2944 in

164 2980 274 3044 medio
295 2979 380 3046 linee
400 3000 522 3046 nomen
542 2983 719 3048 comitatus
739 2983 782 3047 de
796 3002 864 3065 quo
883 2983 992 3067 primo
1008 2984 1082 3049 loco
1097 2984 1260 3068 agendum

164 3095 225 3150 est.
270 3085 401 3150 Deinde
426 3085 460 3148 in
485 3085 594 3170 capite
616 3088 784 3169 sequentis
809 3087 895 3154 linee
917 3107 1039 3152 nomen
1062 3088 1261 3154 vicecomitis
1276 3111 1306 3162 2⁵

164 3188 362 3273 depingitur,
376 3190 599 3272 subsequente
619 3188 684 3256 hoc
705 3199 821 3257 tenore
837 3191 1012 3257 verborum
1033 3192 1114 3256 ‘Ille
1130 3192 1183 3257 vel
1206 3191 1261 3256 ille

163 3293 347 3359 vicecomes
367 3293 475 3358 reddit
494 3304 688 3376 compotum
708 3295 752 3360 de
771 3294 865 3360 firma
886 3295 972 3361 illius
985 3295 1038 3361 vel
1056 3295 1143 3361 illius
1157 3297 1260 3363 comi-

163 3396 277 3461 tatus?
329 3395 461 3461 Deinde
485 3395 587 3480 paulo
611 3407 688 3481 post
713 3398 748 3462 in
773 3401 890 3464 eadem
914 3399 1002 3466 linea
1026 3400 1178 3466 scribitur
1200 3399 1261 3464 ‘In

165 3497 344 3565 thesauro’
366 3519 427 3563 nec
449 3499 629 3584 apponitur
648 3501 738 3567 aliud
761 3503 823 3569 nisi
849 3514 1082 3570 consummato
1104 3512 1262 3588 compoto

164 3613 302 3689 propter
315 3613 488 3687 vrgentem
505 3625 639 3669 causam
655 3607 768 3688 quein
782 3608 919 3691 agendis
938 3608 1140 3673 vicecomitis
1156 3608 1261 3672 mani·
1276 3629 1308 3680 30

164 3705 250 3772 testa
270 3717 330 3772 est.
374 3707 506 3773 Deinde
525 3708 559 3774 in
579 3708 689 3792 capite
707 3713 875 3794 sequentis
892 3711 979 3775 linee
993 3711 1073 3795 quid
1089 3712 1121 3775 in
1139 3709 1261 3776 elemo-

164 3811 237 3874 sina
263 3818 297 3875 et
323 3809 460 3876 decimis
485 3811 683 3892 constitutis,
706 3815 787 3896 quid
813 3815 914 3880 etiam
940 3815 974 3879 in
1000 3814 1193 3880 liberatione
1218 3815 1262 3878 de

164 3913 261 3978 firma
294 3913 473 3980 comitatus
507 3916 724 3999 expendatur,
758 3918 965 4003 exprimitur.
1024 3918 1105 3983 Post
1134 3915 1196 3983 hec
1228 3917 1262 3981 in

165 4017 274 4101 capite
302 4015 388 4082 liuee
413 4015 573 4083 interioris
602 4018 636 4083 in
665 4021 758 4086 terris
788 4022 874 4088 datis
902 4029 1103 4088 annotantur
1127 4041 1167 4086 ea
1195 4039 1261 4103 que

203 4211 385 4266 tuemur
460 4212 611 4268 velom.C
688 4213 834 4286 3meruit]
849 4215 997 4272 iaeruntR
1066 4211 1156 4271 6nisi
1169 4213 1264 4268 mc

165 4295 197 4338 11
218 4281 337 4363 uirium:
350 4283 378 4336 R
452 4282 650 4408 quicunqueR
729 4285 762 4340 16
780 4295 875 4342 autem
887 4287 988 4341 mlv
1060 4302 1157 4341 eorum
1171 4283 1265 4365 onccs

163 4365 201 4480 {1⁷1
202 4349 464 4494 uqqqqqsirslirteg‘qpq
471 4354 567 4482 rberzcg'
569 4354 851 4496 p”qqpirneuoqntaqqtur]
863 4357 1091 4414 numeranturN
1133 4369 1260 4428 23quasr
