3290 5134
398 383 442 462 ⁶4
766 383 834 450 na
856 381 1131 457 scaccnruo
1372 383 1402 478 [1
1418 386 1453 454 ru
1471 401 1498 455 ι)

396 555 570 640 pecunmm
585 563 744 624 numeret.
791 555 893 641 Quod
913 556 941 622 si
961 555 1041 640 quid
1060 554 1199 626 deluerit
1218 557 1390 626 redentor
1406 579 1499 630 scuc-

396 661 521 726 mrium
544 661 572 725 is
593 661 651 745 qui
673 661 818 747 suscepit
839 671 874 728 et
895 659 972 726 fidei
992 659 1184 744 religionem
1204 669 1331 745 prestet
1350 663 1413 730 sub
1433 663 1497 736 hac

396 761 505 832 forma
532 765 622 848 quod
652 775 814 848 quantam
846 764 991 849 suscepit
1019 765 1215 847 reportauiu
1243 785 1311 834 non
1341 767 1497 852 apposito

395 871 577 937 secundum
599 869 835 942 conscientiam
858 889 953 936 suam
977 877 1014 936 vt
1037 866 1076 934 lit
1100 868 1134 936 in
1155 868 1236 947 aliis,
1257 879 1291 938 et
1314 869 1379 936 boc
1406 869 1496 938 iacto

367 990 383 1046 r
395 971 542 1040 soluatur
557 971 588 1038 ei
602 971 693 1058 quod
708 981 821 1052 restat,
833 981 1008 1040 nummata
1021 971 1113 1056 prius
1127 974 1246 1040 eadem
1260 994 1373 1042 coram
1388 975 1497 1044 omni·

395 1075 458 1142 bus
478 1097 500 1144 a
520 1077 705 1143 constitutis
726 1076 1024 1162 computatoribus
1068 1075 1106 1142 Si
1128 1097 1216 1154 vero,
1237 1077 1312 1162 lege
1332 1077 1395 1144 sibi
1418 1099 1496 1164 pro·

394 1180 515 1265 posita,
535 1179 682 1247 hostium
707 1179 851 1247 thesauri
874 1200 1025 1266 egressus
1050 1179 1147 1247 luerit
1176 1199 1373 1265 quecunque
1397 1181 1495 1252 fucrit

394 1302 536 1366 persona
557 1282 611 1348 vel
638 1293 906 1369 quantacumque
935 1285 1061 1352 iactura
1089 1303 1157 1348 non
1181 1284 1212 1350 ei
1242 1286 1493 1368 respondeatur.

394 1385 512 1454 Militis
533 1387 709 1472 argentarii
730 1398 764 1454 ct
786 1387 904 1454 lusoris
926 1387 1033 1453 officia
1052 1386 1117 1456 sibi
1131 1387 1284 1454 videntur
1303 1409 1438 1456 annexa
1458 1403 1493 1458 et

351 1508 383 1547 ιο
393 1490 437 1556 ad
452 1491 602 1576 superius
617 1492 816 1559 scaccarium
832 1491 940 1575 magis
954 1489 1150 1575 pertinentia
1172 1501 1207 1560 ct
1221 1492 1267 1558 ob
1289 1491 1354 1558 hoc
1369 1492 1493 1560 ibidem

393 1614 470 1660 cum
493 1595 608 1663 ceteris
634 1589 749 1662 officiis
774 1595 996 1680 explananda.
1039 1595 1193 1684 Quatuor
1221 1607 1492 1681 computatorum

393 1697 538 1766 officium
558 1698 623 1766 hoc
641 1709 702 1766 est.
747 1699 833 1765 Cum
853 1689 887 1778 in
906 1698 1106 1765 scaccarium
1126 1701 1330 1766 numeranda
1351 1701 1492 1786 pecunia

393 1803 542 1888 mittitur,
566 1823 649 1869 unus
674 1823 789 1870 corum
811 1801 985 1886 diligenter
1008 1811 1116 1870 totam
1141 1803 1335 1870 commiscet
1361 1813 1398 1870 vt
1423 1825 1491 1871 non

393 1925 541 1973 seorsum
562 1906 715 1973 meliores
738 1915 773 1972 et
795 1925 943 1974 seorsum
968 1905 1146 1974 deteriores
1168 1906 1235 1974 sint
1259 1916 1310 1972 set
1333 1907 1431 1973 mixti
1454 1919 1491 1976 vt

349 2024 379 2076 ¹5
392 2011 530 2095 ponderi
560 2010 791 2096 respondeant.
846 2009 925 2094 Quo
954 2009 1043 2076 sacto
1071 2010 1269 2076 camerarius
1298 2011 1342 2080 ad
1372 2011 1491 2078 libram

393 2115 544 2181 scaccarii
567 2114 731 2199 ponderat
755 2123 917 2197 quantum
942 2121 1075 2198 oportet
1100 2113 1135 2180 in
1161 2113 1305 2195 trutina;
1341 2115 1431 2197 quod
1462 2116 1490 2182 si

392 2237 549 2284 numerus
571 2239 634 2282 xx.
654 2217 835 2284 solidorum
858 2217 1034 2300 plusquam
1056 2237 1119 2282 sex
1140 2216 1286 2282 nummis
1307 2219 1491 2284 exercuerit

392 2331 542 2406 respectu
558 2320 649 2404 libre,
662 2321 799 2404 indigna
813 2321 912 2404 recipi
930 2320 1058 2388 dicitur.
1101 2319 1139 2386 Si
1152 2339 1231 2386 vero
1246 2319 1298 2386 vel
1316 2321 1360 2388 ad
1377 2321 1419 2385 vi.
1434 2320 1487 2386 vel

391 2425 474 2491 inira
495 2445 530 2490 se
551 2425 693 2502 cohibet,
707 2425 883 2508 srrscipitur
904 2432 939 2492 et
960 2445 981 2490 a
1002 2422 1289 2508 computatoribus
1311 2424 1489 2508 diligenter

348 2557 380 2596 so
392 2549 451 2613 per
469 2539 626 2596 centenos
644 2529 768 2595 solidos
782 2539 820 2596 vt
833 2528 1017 2614 predictum
1035 2535 1087 2594 est
1107 2536 1307 2596 numeratur.
1353 2527 1393 2594 Si
1409 2547 1489 2594 vero

392 2632 435 2698 de
450 2631 545 2698 firma
558 2641 635 2698 sunt
646 2632 770 2699 denarii
783 2641 819 2698 et
833 2632 899 2698 sint
912 2630 1137 2712 examinandi,
1148 2632 1234 2698 lacta
1244 2631 1489 2699 commixtione

391 2851 427 2908 et
449 2841 527 2906 huic
547 2840 731 2906 vicecomes
752 2841 883 2926 signum
905 2859 1002 2905 suum
1024 2839 1164 2924 apponit
1184 2848 1222 2906 vt
1242 2859 1287 2904 ex
1310 2839 1372 2904 hiis
1397 2850 1490 2924 post·

357 2947 527 3012 Emodum
548 2964 702 3026 examen,
716 2945 810 3029 quod
829 2944 931 3026 vulgo
952 2941 1092 3008 essaium
1114 2943 1240 3023 dicitur,
1257 2941 1316 3009 fiat
1337 2943 1422 3010 sicut
1443 2965 1489 3010 ex

348 3081 378 3134 ¹5
391 3050 604 3134 sequentibus
622 3049 771 3132 liquebit.
816 3048 891 3114 Erit
910 3055 1023 3112 autem
1041 3065 1119 3112 cure
1139 3065 1252 3113 eorum
1272 3047 1329 3131 qui
1350 3059 1489 3132 presunt

392 3162 523 3237 recepte
533 3154 638 3238 gratia
652 3152 863 3219 dominorum
872 3169 1017 3230 suorum,
1030 3149 1094 3218 hoc
1107 3159 1159 3217 est
1173 3149 1282 3216 clerici
1294 3150 1489 3216 thesaurarii

391 3268 427 3324 et
448 3257 701 3323 camerariorum
722 3264 759 3321 vt
781 3265 915 3340 recepta
936 3253 1074 3338 pecunia
1095 3273 1243 3319 seorsum
1266 3253 1401 3320 mittant
1427 3273 1488 3318 ex·

390 3361 525 3427 eminati
554 3361 680 3446 argenti
706 3361 853 3445 pondera
882 3367 916 3424 et
945 3357 1098 3422 denarios
1126 3357 1170 3423 de
1199 3355 1303 3436 firma,
1324 3357 1486 3442 appositis

390 3466 589 3550 quibusdam
611 3464 713 3548 signis
732 3463 834 3529 saccis
853 3483 979 3544 eorum,
991 3474 1029 3532 vt
1048 3461 1076 3528 si
1097 3481 1157 3525 rex
1171 3481 1251 3526 vasa
1265 3469 1424 3544 argentea
1444 3461 1489 3526 ad

346 3599 379 3649 30
391 3569 516 3636 cultum
539 3569 660 3634 domus
684 3567 739 3633 dei
764 3565 817 3632 vel
841 3568 884 3633 ad
911 3569 1030 3634 domus
1054 3563 1188 3650 proprie
1212 3563 1408 3648 obsequium
1433 3563 1488 3630 vel

390 3673 474 3739 lorte
488 3680 639 3738 monetas
652 3670 888 3736 transmarinas
902 3669 972 3736 ficri
987 3669 1128 3738 voluerit
1142 3688 1187 3734 ex
1201 3666 1264 3734 hiis
1278 3665 1369 3733 fiant„

432 3773 628 3859 Dircr'pulus.
672 3773 736 3838 Est
749 3773 875 3856 aliquid
892 3773 926 3839 in
940 3771 1096 3857 predictis
1109 3771 1202 3854 quod
1217 3789 1272 3836 me
1288 3770 1408 3855 pulsat.

432 3879 608 3962 Magister.
652 3876 716 3942 Dic
731 3895 820 3962 ergo.

390 4065 392 4070 Ι
432 3981 630 4066 Discipulus.
674 3981 797 4046 Dixisti
816 3981 843 4048 si
863 3981 948 4048 bene
968 3978 1102 4047 memini
1117 3977 1209 4062 quod
1224 3977 1268 4044 ad
1289 3979 1487 4046 scaccarium

345 4115 377 4167 55
390 4089 590 4173 quandoque
610 4085 769 4152 soluenda
783 4085 933 4152 differtur
946 4085 1085 4170 pecunia
1097 4103 1164 4168 que
1177 4083 1339 4148 iudicatur
1353 4083 1488 4168 indigna

426 4219 603 4295 3non]iiR
671 4221 1015 4280 6aRcorr.:abCNR
1108 4218 1486 4291 6-12computat0nbus...

389 4292 491 4422 lirin
532 4293 912 4434 aiviiifflfimquifn
931 4291 1492 4490 &effigiiiiilik‘vueiissqieiliiii

389 4438 461 4494 sicut
612 4447 646 4508 35
664 4435 791 4493 differtur
803 4441 869 4490 ante
886 4434 983 4491 solues
1028 4434 1115 4504 pontt
1124 4433 1161 4503 R,
1167 4437 1237 4504 post
1246 4431 1403 4504 pemmiaC
