3360 5172
180 412 209 463 11
229 393 295 482 xx]
550 395 618 463 DE
640 393 915 464 SCACCARIO
1218 410 1278 482 151

182 569 301 636 mulier
324 567 397 634 viro
422 587 485 634 suo
507 577 684 652 superstes,
706 568 834 652 prolem
856 567 982 634 babens
1004 578 1039 635 et
1061 567 1095 634 in
1116 568 1282 636 viduitate

180 694 257 740 cum
279 674 349 759 ipsa
370 691 578 757 permanens,
598 673 727 739 ratione
747 670 849 758 prolis
869 673 923 738 cui
947 673 1088 738 debetur
1106 671 1282 752 hereditas,

180 778 411 844 conuenienda
426 787 460 842 et
475 776 681 843 cohercenda
696 786 756 860 est,
769 778 818 842 sic
837 786 952 842 tamen
965 786 1002 842 vt
1022 775 1094 842 doti
1115 777 1185 842 eius
1205 797 1279 861 par-

181 891 284 963 catur,
298 882 378 965 quia
397 881 561 964 premium
583 881 720 965 pudoris
741 889 801 946 est.
843 880 943 965 Quod
966 880 1006 960 si,
1019 878 1139 944 relictis
1160 879 1281 957 liberis,

180 985 236 1051 aiii
250 987 321 1053 viro
341 985 458 1051 mulier
472 985 646 1063 adheserit,
662 985 845 1071 legittimus
860 984 954 1050 heres
972 1005 1034 1068 pro
1049 985 1163 1050 debito
1178 987 1280 1070 patris
1294 1014 1309 1066 5

181 1089 428 1155 conveniendus
450 1098 510 1154 est.
554 1089 679 1154 Verum
704 1089 732 1180 si
755 1088 872 1154 mulier
899 1107 966 1172 que
986 1087 1128 1171 deliquit
1152 1099 1187 1154 et
1212 1091 1281 1174 regi

181 1202 322 1270 tenetur,
336 1192 445 1276 priore
459 1193 531 1258 viro
545 1191 616 1258 sine
631 1191 742 1257 liberis
757 1202 897 1269 mortuo,
909 1192 953 1258 ad
968 1191 1071 1258 alium
1081 1213 1117 1257 se
1132 1212 1207 1259 cum
1221 1214 1282 1260 sua

180 1297 367 1363 hereditate
381 1295 585 1362 transtulerit
601 1297 752 1364 debitum
768 1297 838 1362 eius
852 1316 874 1361 a
887 1295 958 1360 viro
973 1297 1206 1379 requirendum
1222 1307 1280 1364 est.

183 1401 262 1467 Hoc
282 1409 332 1464 est
353 1401 453 1486 igitur
468 1401 558 1484 quod
579 1400 691 1485 petisti
713 1401 813 1467 etsie
832 1399 883 1464 vir
900 1419 1000 1465 causa
1016 1401 1129 1463 vxoris
1146 1411 1181 1467 et
1194 1422 1281 1468 vxor

181 1525 282 1571 causa
300 1504 361 1568 uiri
390 1504 616 1570 conuenientia
636 1513 698 1569 est.
749 1502 885 1569 Certum
908 1512 1022 1569 autem
1043 1502 1167 1568 habeas
1188 1506 1280 1589 quod
1294 1533 1327 1569 ιο

182 1627 314 1694 semper
342 1607 524 1692 legittimus
551 1607 656 1687 heres,
685 1606 743 1692 qui
772 1607 917 1674 debitori
947 1607 1104 1684 succedit,
1135 1627 1196 1691 pro
1222 1607 1281 1674 illo

182 1710 428 1778 conveniendus
454 1720 506 1778 est
529 1719 575 1788 vt,
597 1711 683 1776 sicut
706 1711 739 1774 in
770 1709 1043 1786 emolumentum,
1065 1711 1113 1775 sic
1140 1711 1174 1775 in
1198 1732 1281 1776 onus
1345 1705 1350 1740 ²
1449 1709 1450 1714 ’

182 1815 308 1882 subeat.
352 1814 451 1882 Solus
471 1824 582 1880 sutem
603 1814 804 1900 ascriptitius
824 1824 859 1881 et
878 1814 918 1890 is,
933 1813 991 1896 qui
1011 1813 1082 1878 sine
1099 1813 1282 1881 hereditate
1313 1807 1315 1812 ’

181 1919 323 1994 decedit,
338 1918 481 1984 venditis
495 1917 623 1984 catallis
640 1917 717 1998 suis,
732 1938 792 2002 per
809 1926 994 1983 extrunmn
1009 1917 1126 1983 mortis
1139 1917 1246 1983 aleam
1260 1939 1283 1985 a

182 2023 299 2090 debito
314 2022 504 2090 liberantur.
550 2021 629 2088 Non
642 2029 755 2089 tamen
770 2021 814 2088 ab
831 2020 943 2087 annali
957 2021 991 2084 in
1010 2041 1077 2104 quo
1092 2021 1205 2086 debita
1218 2021 1281 2088 hec
1296 2048 1325 2102 ¹⁵

181 2137 391 2204 annotantur,
413 2125 475 2191 nisi
505 2145 565 2209 per
586 2125 689 2192 breue
716 2127 813 2212 regis,
835 2126 1033 2204 auferentur,
1059 2144 1135 2191 cum
1157 2125 1282 2192 scilicet

183 2232 225 2297 de
241 2231 307 2296 hiis
326 2249 347 2296 a
366 2228 570 2296 thesaurario
588 2229 657 2314 regi
679 2237 873 2313 suggestum
895 2227 993 2295 suerit
1010 2229 1102 2314 quod
1123 2227 1282 2293 inutiliter

182 2336 216 2399 in
236 2333 346 2402 rotulo
364 2333 548 2399 scribantur
566 2353 641 2399 cum
660 2333 752 2398 nullo
773 2342 874 2418 pacto
895 2331 965 2399 fieri
986 2333 1094 2417 possit
1111 2340 1148 2397 vt
1164 2333 1209 2397 ab
1229 2331 1281 2399 his

182 2439 297 2504 debita
311 2437 455 2522 pecunia
469 2437 651 2520 proueniat.

225 2542 284 2608 Ad
306 2541 367 2608 hec
389 2561 487 2607 nosse
513 2549 546 2606 te
568 2541 724 2608 conuenit
743 2540 835 2626 quod
856 2541 889 2605 in
906 2538 1028 2606 debitis
1052 2539 1150 2624 regiis
1174 2515 1355 2628 requi-31⁰2x

182 2646 294 2712 rendis
302 2655 336 2710 et
344 2644 549 2711 debitoribus
558 2643 772 2710 cohercendis
783 2643 1037 2728 baronumregis
1046 2649 1080 2708 et
1089 2651 1281 2722 ceterorum,

182 2751 240 2834 qui
256 2749 379 2835 passim
394 2768 456 2833 pro
473 2749 540 2815 suis
558 2748 750 2814 excessibus
770 2748 988 2832 pecuniariter
1005 2748 1074 2831 regi
1093 2747 1282 2832 puniuntur,

182 2872 245 2938 par
269 2852 419 2919 condicio
443 2872 511 2917 non
537 2861 597 2918 est.
641 2851 743 2916 Porro
766 2852 809 2918 de
835 2852 897 2929 his,
923 2851 1045 2936 quide
1077 2870 1154 2934 rege
1179 2847 1282 2915 nichil

182 2956 308 3022 habent
323 2958 356 3021 in
372 2955 490 3039 capite,
505 2955 561 3020 lex
576 2957 725 3042 predicta
739 2964 908 3033 seruatur3
930 2964 967 3021 at
977 2957 1004 3019 si
1021 2954 1063 3019 de
1075 2974 1153 3038 rege
1164 2964 1281 3019 tenens

182 3060 363 3135 baroniam,
387 3059 499 3124 audita
520 3059 786 3136 summonitione,
804 3056 907 3125 fidem
928 3058 961 3123 in
982 3055 1119 3142 propria
1140 3073 1281 3139 persona
1296 3080 1326 3132 ²5

182 3162 235 3229 vel
264 3183 324 3247 per
353 3182 489 3228 manum
517 3162 680 3245 generalis
709 3162 870 3242 economi,
900 3181 1001 3245 quem
1025 3159 1126 3244 uulgo
1149 3162 1280 3223 ‘senes-

184 3265 324 3334 callum’
354 3269 478 3346 dicunt,
506 3266 540 3330 in
567 3285 700 3332 manum
732 3265 936 3331 vicecomitis
965 3263 1095 3329 dederit
1124 3262 1187 3328 sub
1215 3262 1282 3327 hoc

182 3383 298 3438 tenore
318 3371 503 3448 verborum,
518 3370 608 3453 quod
632 3371 674 3436 de
696 3369 759 3435 hac
781 3388 911 3434 summa
934 3376 968 3434 et
988 3369 1030 3432 de
1048 3367 1112 3432 hac
1133 3384 1280 3430 summo·

182 3475 310 3542 nitione
336 3486 510 3559 garantum
534 3476 695 3541 baronum
719 3473 872 3539 scaccarii
895 3473 951 3538 die
973 3471 1120 3556 compoti
1139 3469 1190 3538 sui
1212 3467 1280 3546 fiet,

182 3579 230 3645 sic
244 3579 428 3644 vicecomes
444 3588 618 3645 contentus
633 3578 686 3642 sit.
1293 3581 1326 3631 30

226 3680 264 3748 Si
278 3702 356 3747 vero
370 3682 425 3746 die
442 3681 588 3767 compoti
603 3701 685 3746 voce
702 3679 858 3765 preconia
875 3679 1053 3764 requisitus
1071 3699 1139 3744 non
1153 3676 1282 3744 venerit
1293 3699 1342 3744 xx

181 3805 243 3852 nec
264 3806 324 3872 per
346 3806 382 3850 se
404 3805 466 3852 nec
487 3805 547 3869 per
568 3785 671 3850 alium
694 3782 896 3863 satisfecerit,
917 3784 1102 3849 vicecomes
1124 3782 1215 3865 quod
1236 3782 1280 3847 ad

180 3891 289 3974 ipsum
299 3889 464 3975 pertinuit,
473 3888 588 3954 iecisse
599 3887 807 3954 iudicabitur.
850 3887 961 3952 Causa
971 3907 1048 3952 vero
1061 3885 1121 3952 hec
1131 3904 1280 3951 seorsum

179 3993 215 4059 in
223 3992 445 4059 memorandis
456 3991 610 4058 scaccarii
621 4001 778 4077 precepto
788 3990 980 4056 thesaurarii
991 3988 1166 4077 diligenter
1177 4008 1281 4054 anno

179 4107 252 4164 tata
274 4097 310 4161 in
327 4095 427 4162 finem
448 4095 602 4163 scaccarii
625 4094 855 4174 reseruabitur,
869 4103 907 4159 vt
928 4103 1017 4173 tunc,
1033 4091 1279 4158 communicato
1294 4113 1325 4164 ³5

217 4285 359 4358 sdebito]
373 4286 507 4344 debiteR
576 4284 775 4358 6deliquidR
844 4285 969 4341 8aviro
981 4283 1081 4342 ΜΝ
1145 4297 1176 4339 11
1196 4283 1279 4337 heres

180 4359 273 4413 om.R
355 4371 387 4428 17
406 4359 442 4416 de
454 4357 508 4413 hii
520 4358 614 4414 ΜΚ
703 4357 735 4411 18
754 4354 813 4412 fieri
825 4356 926 4411 ΜΝ
1005 4353 1280 4427 19cultm'usnon

180 4429 351 4485 contulimus
432 4429 536 4500 siner
546 4429 640 4486 omit
720 4441 755 4497 ²9
772 4426 969 4498 graantumN
1045 4422 1247 4496 fietllscietll'
