3360 5172
190 394 333 488 mne]
558 404 626 471 nn
649 401 924 473 scaccnmo
1244 357 1289 495 93

188 589 318 638 cessum
334 575 459 658 puniet,
474 595 515 640 ne
533 575 591 660 qui
609 584 748 660 presunt
766 573 840 642 aliis
858 575 941 641 serre
959 576 1136 644 videantur
1151 579 1286 664 impune

189 677 280 758 quod
292 680 473 746 decernunt
489 680 523 744 in
538 679 612 744 aliis
628 679 844 763 puniendum.

231 780 429 865 Discipulus.
473 783 530 848 Ex
552 783 614 849 hiis
637 782 846 850 manifestum
868 783 1032 869 estquod
1055 782 1215 851 Salomon
1236 787 1285 852 ait

189 881 302 950 ‘Mors
316 895 350 951 et
364 887 481 952 vitain
496 887 648 952 manibus
667 883 798 972 lingue’
813 897 847 954 et
865 888 946 954 item
959 887 1115 970 Jacobus,
1131 888 1282 974 ‘Lingua

189 986 358 1053 modicum
374 990 560 1057 membrum
578 999 629 1056 est
644 1001 678 1057 et
693 1011 815 1074 magna
829 988 980 1056 exaltat!
1301 1023 1316 1074 ⁵

232 1091 407 1176 Magister.
452 1093 508 1160 Sic
541 1104 601 1171 est,
630 1105 681 1162 set
710 1114 948 1179 prosequamur
981 1094 1025 1161 de
1055 1095 1286 1180 dignitatibus.
1302 1107 1328 1157 D

188 1195 291 1260 Fiunt
311 1197 476 1262 interdum
494 1219 555 1282 per
574 1198 754 1265 comitatus
776 1217 969 1264 communes
991 1199 1094 1264 assise
1117 1221 1138 1265 a
1154 1199 1286 1265 iustitiis

187 1300 381 1379 errantibus,
390 1321 473 1384 quos
485 1322 545 1366 nos
556 1300 836 1366 deambulatorios
845 1301 897 1366 vel
908 1300 1144 1384 perlustrantes
1156 1301 1286 1368 iudices

187 1403 406 1480 nominamus,
434 1424 501 1487 que
529 1405 605 1470 ideo
633 1403 786 1470 dicuntur
814 1423 1007 1469 communes
1035 1404 1123 1489 quia,
1152 1406 1285 1489 cognita

186 1527 319 1572 summa
336 1528 401 1590 que
415 1509 459 1573 de
473 1509 631 1574 comitatu
651 1508 833 1592 requiritur,
848 1507 1069 1574 communiter
1083 1508 1127 1573 ab
1146 1506 1208 1573 hiis
1223 1511 1280 1594 qui
1301 1534 1333 1574 ro

187 1610 222 1675 in
240 1611 399 1676 comitatu
420 1610 539 1678 fundos
553 1611 676 1679 habent
698 1632 758 1696 per
775 1612 872 1678 hidas
890 1611 1104 1690 distribuitur,
1125 1619 1161 1676 vt
1181 1601 1283 1677 nichil

187 1715 274 1780 desit
295 1715 338 1780 de
359 1714 417 1779 illa
439 1734 514 1781 cum
536 1723 674 1781 ventum
695 1714 791 1782 fuerit
812 1714 856 1781 ad
877 1715 1077 1781 scaccarium
1099 1713 1284 1782 solutionis.

186 1817 248 1883 Ab
260 1817 323 1884 hiis
337 1819 491 1884 omnibus
509 1839 624 1885 omnes
644 1819 688 1884 hii
706 1820 764 1903 qui
783 1819 828 1884 ad
846 1820 1047 1885 scaccarium
1067 1840 1112 1885 ex
1127 1819 1284 1905 principis

187 1923 346 1989 mandato
375 1923 520 1989 resident
543 1921 698 1988 liberrimi
730 1934 816 2003 sunt,
845 1925 932 1990 adeo
960 1934 998 1990 vt
1025 1944 1092 1989 non
1122 1924 1230 1989 solum
1261 1945 1283 1989 a

187 2026 341 2092 dominiis
355 2027 423 2091 suis
438 2027 496 2092 sed
512 2027 612 2093 uben
627 2028 672 2093 ab
683 2029 837 2094 omnibus
850 2027 955 2094 feodis
965 2027 1033 2093 suis
1049 2025 1150 2093 nichil
1164 2026 1282 2094 horum
1300 2059 1310 2097 ι
1315 2061 1330 2112 ⁵

186 2129 348 2214 exigatur.
403 2130 440 2197 Si
462 2151 540 2197 vero
561 2131 620 2214 qui
644 2132 764 2198 residet
787 2132 834 2197 ibi
857 2131 996 2199 fundum
1018 2131 1151 2213 habeat,
1165 2131 1217 2197 vel
1237 2131 1282 2197 ad

187 2230 316 2300 firmam
333 2234 387 2299 vel
405 2235 438 2301 in
459 2235 644 2302 custodiam
663 2235 833 2303 ueletiam
852 2235 895 2302 ad
914 2235 1036 2319 pignus
1053 2255 1115 2318 pro
1131 2235 1282 2319 pecunia,

186 2336 270 2403 liber
284 2359 352 2404 non
371 2339 440 2418 erit,
454 2339 512 2404 sed
533 2339 640 2424 magis
659 2339 703 2406 de
722 2339 785 2404 biis
804 2339 933 2424 legibus
955 2339 1095 2423 publicis
1115 2339 1284 2405 obnoxius

186 2441 253 2508 fiet.
297 2440 456 2527 Amplius
476 2454 590 2510 autem
604 2453 714 2529 preter
730 2442 791 2508 has
806 2444 889 2508 liber
905 2445 969 2510 erit
985 2444 1028 2509 ad
1043 2443 1242 2510 scaccarium
1262 2463 1284 2509 a

187 2546 338 2626 murdris,
352 2547 509 2632 scutagiis
524 2556 558 2612 et
572 2569 594 2614 a
610 2547 812 2630 denegeldis.
857 2546 958 2631 Quod
978 2557 1090 2614 autern
1109 2547 1152 2612 ad
1175 2547 1283 2632 ipsum
1299 2579 1331 2616 ιο

186 2650 327 2734 pertinet
341 2672 362 2716 a
376 2670 507 2716 summa
520 2650 702 2717 constituta
715 2651 847 2716 decidet
859 2660 894 2717 et
907 2651 1093 2718 vicecomiti
1108 2661 1283 2735 computa·

185 2755 277 2820 bitur
291 2774 352 2837 per
365 2754 427 2820 hec
440 2755 550 2832 verba,
565 2754 626 2820 ‘In
640 2755 796 2838 perdonis
811 2775 872 2838 per
885 2755 987 2822 breue
1003 2755 1088 2839 regis
1104 2754 1151 2820 illi
1166 2755 1218 2819 vel
1234 2755 1283 2819 illi

185 2857 250 2924 hoe
274 2857 328 2924 vel
351 2855 449 2938 illud:
465 2878 542 2924 curu
563 2867 677 2924 mmen
699 2857 826 2924 nullum
855 2879 955 2944 super
979 2857 1043 2924 hoc
1068 2860 1171 2925 breue
1196 2858 1282 2942 regis

185 2961 344 3028 habuerit.
390 2961 516 3028 Caueat
530 2971 643 3027 autem
658 2962 712 3027 cui
727 2961 903 3028 dimittitur
916 2961 1039 3047 aliquid
1052 2961 1228 3045 aprincipe
1240 2981 1283 3026 ne

185 3076 304 3152 postea
314 3066 377 3132 sibi
389 3066 561 3131 dimissum
573 3067 746 3148 requirata
757 3065 908 3144 subditis,
919 3075 969 3132 set
981 3067 1088 3150 magis
1100 3086 1227 3130 memor
1238 3067 1282 3132 sit
1297 3094 1328 3148 ²5

185 3167 276 3236 verbi
299 3169 387 3235 illius
401 3169 578 3236 ‘dimittite
597 3180 632 3235 et
653 3165 886 3249 dimittemini,’
904 3169 983 3253 quia
1002 3189 1078 3234 cum
1100 3169 1164 3235 hoc
1182 3167 1283 3236 suerit

184 3272 436 3358 deprehensum,
451 3273 613 3359 princeps,
639 3272 829 3357 euangelice
852 3271 1015 3339 emulator
1038 3273 1199 3350 doctrine,
1222 3293 1283 3340 nec

182 3377 330 3443 dimittet
345 3397 433 3454 eum,
442 3397 503 3444 nec
514 3379 665 3444 debitum
684 3377 831 3443 dimittet
845 3378 885 3452 ei,
897 3387 949 3444 set
963 3375 1101 3442 forsitan
1116 3377 1150 3440 in
1162 3387 1281 3442 centu-

184 3480 279 3565 plum
301 3482 427 3564 puniet,
448 3479 527 3565 quia
547 3482 696 3567 impensa
718 3481 782 3547 sibi
805 3481 912 3564 gratia
932 3481 1066 3546 videtur
1086 3480 1181 3546 abuti
1202 3493 1318 3546 cumE

184 3586 229 3652 ab
244 3583 316 3650 aliis
331 3585 543 3651 irreuerenter
557 3586 664 3669 exigit
678 3585 769 3670 quod
785 3585 886 3670 gratis
900 3583 964 3651 sibi
979 3584 1151 3650 dimissum
1166 3594 1229 3651 est.
1296 3605 1330 3656 so

227 3688 423 3772 Dentatus.
466 3687 606 3755 Dictum
622 3697 681 3769 est,
692 3689 721 3753 si
735 3688 821 3755 bene
832 3687 977 3767 memini,
988 3689 1080 3772 quod
1090 3689 1281 3773 quicunque

184 3792 271 3876 regis
299 3800 459 3877 precepto
487 3792 607 3858 residet
636 3791 679 3858 ad
709 3792 907 3858 scaccarium
933 3813 954 3858 a
983 3793 1182 3877 quibusdam
1208 3792 1282 3877 lege

184 3895 413 3962 determinatis
427 3894 554 3961 ratione
565 3895 719 3962 sessionis
730 3895 812 3962 liber
822 3906 883 3962 est.
928 3893 1096 3961 Additum
1107 3904 1158 3961 est
1170 3895 1283 3975 etiam,

182 3999 211 4064 si
225 3999 311 4064 bene
325 3999 446 4078 recolo,
462 4000 633 4065 considere
647 3999 847 4065 scaccarium
859 3999 892 4063 in
907 3999 1050 4064 termino
1067 3998 1202 4076 Pasche,
1214 4020 1280 4065 non

183 4112 298 4168 tamen
326 4122 393 4187 que
421 4101 488 4168 illic
517 4101 602 4168 fiunt
622 4104 759 4168 omnino
780 4101 961 4179 terminari,
986 4110 1038 4168 set
1062 4122 1177 4168 eorum
1201 4124 1280 4170 con·
1295 4117 1326 4169 ³⁵

218 4303 304 4360 esic
314 4305 463 4360 estom.R
534 4315 550 4373 7
557 4305 625 4376 post
644 4302 804 4359 Fiuntadd.
816 4303 952 4359 tamenC
1030 4316 1113 4370 10,11
1131 4301 1281 4374 requiritur

183 4373 369 4432 ...comitatu
380 4393 432 4432 one
445 4375 474 4430 R
588 4388 623 4444 23
642 4391 725 4446 super
737 4374 792 4429 hoc
803 4373 910 4429 nullum
923 4373 949 4430 C
1061 4385 1094 4442 27
1107 4371 1171 4444 nec]
1185 4389 1241 4429 non
1252 4375 1281 4430 R

182 4458 216 4518 35
236 4445 324 4519 quiR
401 4443 1160 4516 seteommcon...terminosanctiM...Cmarg.
