3360 5172
396 343 460 410 106
762 341 829 409 ba
853 339 1127 411 scaccnmo
1397 337 1427 434 [ι
1444 341 1496 409 xn

436 514 633 599 Dircr'pulus.
687 513 862 600 Numquid
891 515 926 581 in
958 515 1094 602 siugulis
1127 515 1340 585 comitatibus
1368 516 1495 586 foresta

393 621 480 706 regis
502 624 576 686 est?

436 724 614 808 Magister.
658 722 745 806 Non,
763 731 816 790 set
829 723 862 789 in
877 723 1058 789 nemorosis
1073 724 1128 790 vbi
1143 733 1178 792 ct
1196 725 1336 792 ferarum
1353 725 1494 793 latibula

391 839 469 894 sunt
489 837 523 893 et
543 828 710 894 uberrima
730 847 861 912 pascua
905 828 978 893 Nec
997 828 1134 894 interest
1152 829 1244 896 cuius
1263 832 1329 896 sint
1344 851 1492 911 nemora,

364 932 462 1008 ssiue
491 933 580 998 enim
607 933 694 1018 reg'u
716 933 783 998 sint
808 933 880 998 siue
904 931 996 1016 regni
1020 951 1204 1016 procerum,
1229 934 1351 1000 liberos
1376 942 1491 1001 tamen

391 1046 426 1102 et
441 1035 636 1120 indempnes
649 1036 776 1102 habent
791 1033 859 1102 fere
873 1035 1132 1118 circumquaque
1146 1036 1319 1103 discursus.

318 1127 378 1188 ¹11¹
435 1137 571 1204 Essarta
580 1139 765 1223 verovnlgo
774 1139 930 1206 dicuntur
944 1156 1010 1220 que
1020 1138 1110 1224 apud
1128 1138 1292 1204 Isidorum
1302 1139 1488 1207 occationes

391 1243 612 1320 nominantur,
637 1243 773 1325 quando
801 1241 926 1308 scilicet
956 1239 1078 1306 foreste
1106 1261 1241 1308 nemora
1269 1241 1323 1308 vel
1351 1244 1490 1309 dumeta

389 1345 537 1429 quelibet
558 1347 688 1432 pascuis
711 1355 746 1412 et
766 1343 912 1412 latibulis
933 1353 1096 1428 oportuna
1113 1344 1346 1424 succiduntur3
1368 1345 1489 1429 quibus

345 1479 377 1517 ro
389 1449 521 1513 succisis
543 1459 578 1514 et
601 1449 756 1514 radicitus
777 1447 901 1514 auulsis
922 1458 1010 1512 terra
1031 1447 1234 1512 subuertitur
1255 1457 1290 1513 et
1314 1449 1488 1514 excolitur.

389 1548 490 1633 Quod
514 1551 542 1618 si
565 1571 700 1618 nemora
722 1551 770 1616 sic
791 1550 904 1616 excisa
925 1550 992 1615 sint
1011 1557 1049 1615 vt
1070 1549 1255 1616 subsistens
1277 1551 1350 1634 quis
1371 1551 1405 1616 in
1427 1552 1487 1618 vix

388 1656 517 1720 extanti
537 1656 664 1722 succiso
682 1673 821 1739 quercus
840 1654 893 1719 vel
913 1653 1049 1720 alterius
1071 1653 1197 1718 arboris
1217 1655 1328 1739 stipite
1346 1655 1487 1720 circum·

387 1758 564 1844 spiciensv.
574 1759 717 1825 succisas
726 1757 851 1834 viderit,
860 1767 993 1823 vastum
1004 1766 1168 1842 reputant,
1177 1756 1240 1824 hoc
1249 1767 1301 1824 est
1310 1767 1486 1839 vastatum,

387 1881 447 1946 per
465 1863 636 1948 sincopam
654 1861 701 1929 sic
721 1863 857 1928 dictum.
904 1861 1074 1926 Excessus
1095 1871 1207 1926 autem
1228 1861 1313 1939 talis,
1329 1863 1430 1928 etiam
1451 1865 1485 1928 in

343 1988 372 2046 ¹5
386 1967 527 2050 propriis
542 1965 716 2032 cuiuslibet
735 1963 926 2030 nemoribus
944 1964 1061 2043 iactus,
1075 1965 1161 2030 adeo
1179 1963 1292 2048 granu
1309 1965 1429 2030 dicitur
1447 1977 1485 2034 vt

386 2089 554 2152 nunquam
577 2071 656 2134 inde
677 2088 737 2152 per
758 2068 938 2133 sessionem
960 2069 1112 2134 scaccarii
1133 2068 1264 2133 libcrari
1285 2063 1417 2145 debeat,
1432 2081 1485 2137 set

386 2172 493 2254 magis
521 2172 617 2236 iuxta
638 2171 689 2235 sui
707 2179 814 2237 status
837 2170 1100 2254 possibilitatem,
1121 2171 1344 2255 pecuniariter
1365 2173 1483 2258 puniri.

386 2275 562 2340 Hactenus
576 2275 620 2341 de
640 2275 856 2359 dignitatibus
876 2274 1096 2339 residendum·
1113 2275 1156 2339 ad
1177 2277 1376 2341 scaccarium
1393 2277 1483 2359 quod

384 2377 530 2443 breuitas
541 2379 708 2444 succincta
722 2379 880 2462 permisit,
890 2387 924 2443 et
939 2377 1044 2443 menti
1059 2398 1133 2443 mee
1148 2390 1285 2462 repente
1299 2402 1336 2445 se
1347 2379 1482 2456 obtulit,

340 2513 372 2550 ιο
383 2489 562 2567 utcumque
576 2481 758 2567 figuraliter
772 2482 925 2565 exposui.
963 2480 1121 2547 Cetemm
1132 2501 1249 2567 regum
1261 2483 1482 2550 munificentie

383 2587 561 2652 terminum
576 2586 610 2650 in
630 2585 703 2666 hiis,
718 2605 818 2670 quem
839 2605 905 2650 non
923 2585 1218 2668 transgrediantur,
1235 2606 1302 2651 non
1316 2586 1481 2654 constitui.

384 2689 482 2755 Proui
497 2691 585 2756 enim
596 2700 674 2755 sunt
688 2709 805 2754 omnes
817 2698 953 2775 propter
967 2689 1110 2774 gratiam
1122 2689 1184 2754 sibi
1195 2691 1354 2755 creditam
1370 2691 1404 2755 in
1419 2711 1481 2758 sue

382 2795 552 2879 dignitatis
576 2794 716 2879 gloriam
746 2794 1018 2878 promouendam‚
1040 2794 1086 2857 hii
1109 2795 1280 2878 presertim
1304 2795 1361 2879 qui
1392 2805 1481 2862 recte

381 2899 523 2984 sapiunt.
570 2900 619 2964 At
643 2898 699 2963 ille
722 2898 868 2963 maxime
890 2899 1133 2963 mundanorum
1160 2897 1347 2982 principum
1373 2902 1482 2964 maxi·

338 3031 367 3084 ²5
383 3023 465 3080 mus,
481 3003 615 3070 illustris
630 2999 820 3086 Anglorum
831 3022 893 3066 rex
909 3001 1075 3067 Henricus
1085 3003 1259 3079 secundus,
1271 3003 1304 3066 in
1321 3005 1480 3088 augendis

381 3106 595 3191 dignitatibus
609 3108 671 3172 sibi
685 3105 895 3171 militantium
907 3123 1038 3188 semper
1052 3106 1184 3190 aspirat,
1195 3107 1302 3171 sciens
1313 3126 1375 3189 pro
1386 3116 1480 3173 certo

380 3212 471 3293 quod
487 3211 617 3278 indulta
632 3211 698 3276 suis
717 3208 877 3275 beneficia
897 3208 1037 3273 nominis
1055 3209 1107 3275 sui
1122 3209 1264 3292 gloriam
1282 3210 1479 3276 immortalis

379 3313 466 3379 same
495 3315 600 3379 titulis
630 3323 845 3380 emercantur.
892 3313 991 3377 Nunc
1013 3312 1114 3396 igitur
1135 3313 1179 3378 ad
1208 3311 1272 3378 alia
1294 3323 1498 3380 currentem·

379 3417 542 3482 calamum
557 3427 799 3483 concertamus.

334 3549 367 3600 30
421 3519 617 3601 Discipulus.
663 3519 876 3601 Consequens
897 3525 958 3594 est,
973 3517 1006 3583 ni
1026 3516 1130 3596 fallor,
1151 3517 1237 3584 sicut
1258 3538 1301 3584 ex
1321 3519 1478 3602 predictis

378 3621 493 3685 videor
516 3622 725 3704 comperisse,
748 3632 784 3686 vt
814 3623 857 3686 de
886 3621 973 3705 regis
1000 3621 1107 3705 sigillo
1133 3631 1167 3687 et
1194 3621 1280 3688 libro
1305 3622 1477 3688 iudiciario

378 3726 595 3806 prosequaris,
615 3745 755 3807 quorum
777 3724 920 3808 primum
942 3724 970 3790 si
992 3726 1078 3790 bene
1103 3726 1240 3790 memini
1262 3726 1297 3790 in
1319 3726 1476 3794 thesauro

378 3835 529 3892 seruatur
543 3837 578 3892 et
595 3827 672 3892 inde
686 3847 754 3891 non
770 3828 904 3892 recedit.

420 3929 596 4012 Magister.
643 3930 752 3995 Immo
766 3940 802 3996 et
817 3939 1002 4014 utrumque,
1017 3940 1069 3997 set
1084 3941 1119 3998 et
1133 3932 1290 4017 pleraque
1305 3932 1379 4000 alia.

304 4016 365 4129 ἐξ
419 4032 565 4099 Noueris
574 4042 686 4101 autem
697 4033 886 4099 thesaurum
896 4035 1098 4121 quandoque
1109 4036 1172 4101 dici
1183 4036 1359 4122 pecuniam
1368 4035 1475 4123 ipsam

410 4228 488 4276 aest
499 4219 592 4276 συιδ
683 4216 796 4291 4suut]
808 4217 865 4275 sint
876 4219 936 4276 NR
1024 4221 1262 4290 yocoasionesN
1341 4235 1474 4292 9succe·

375 4291 518 4347 dunturR
612 4303 646 4360 14
663 4289 841 4362 etiamletC
938 4302 969 4361 15
988 4292 1140 4362 grauiusC
1238 4305 1270 4348 21
1291 4293 1475 4351 constitutiR

374 4377 408 4434 2³
423 4361 737 4434 tuiipresertimormN
802 4375 834 4433 31
854 4364 987 4419 etms
1056 4376 1091 4432 34
1109 4363 1256 4419 setom.C
