3360 5172
405 365 468 435 126
771 361 839 432 DE
863 357 1141 432 SCACCARIO
1369 359 1415 448 [ιι
1430 361 1464 428 iv
1480 375 1513 427 a.

402 537 592 614 constitute,
617 535 645 602 si
671 545 758 603 terre
780 536 868 616 date,
889 535 937 602 sic
958 556 995 602 ee
1016 535 1143 604 habent
1163 534 1229 602 boc
1250 553 1340 601 anno
1361 535 1447 602 sicut
1469 535 1506 600 in

402 639 606 728 preteritot’
650 639 753 725 Quod
775 639 803 704 si
822 639 973 706 similiter
992 659 1028 706 se
1044 638 1168 706 babere
1187 638 1402 724 responderit,
1422 646 1505 704 tunc

402 745 543 830 scriptor
563 743 757 811 thesaurarii
778 743 973 828 preteritum
990 741 1144 808 annalem
1167 741 1311 808 rotulum
1329 741 1506 826 diligenter

403 847 438 912 in
474 847 537 913 hiis
565 847 753 914 constitutis
782 845 963 912 scribendis
996 853 1163 930 sequatur,
1194 855 1374 912 contuente
1405 845 1505 910 simul

373 981 390 1034 5
403 949 616 1032 thesaurario,
627 957 689 1016 ‘ne
701 951 786 1016 torte
797 967 915 1016 manus
927 948 1092 1034 scriptoris
1106 950 1237 1016 aberret
1247 947 1267 1027 ’ς
1286 956 1322 1015 et
1329 949 1408 1033 quia
1422 949 1503 1014 satis

403 1055 438 1121 in
452 1055 551 1121 titulo
566 1055 611 1121 de
624 1055 733 1120 officio
751 1053 920 1139 scriptoris
938 1053 1133 1120 thesaurarii
1148 1055 1192 1121 de
1209 1055 1324 1120 ordine
1342 1054 1504 1139 scripture

404 1158 533 1225 dixisse
548 1179 603 1224 me
617 1157 763 1238 memini,
777 1157 840 1223 biis
854 1157 898 1223 ad
909 1177 1047 1242 presens
1061 1159 1275 1243 supersedeo.

447 1261 647 1346 Discipulus
691 1261 757 1329 Dic
775 1281 864 1346 ergo,
878 1261 906 1327 si
926 1261 1044 1347 placet,
1063 1263 1107 1328 de
1121 1263 1186 1328 hiis
1202 1283 1269 1348 que
1288 1262 1356 1330 iam
1375 1262 1504 1328 dudum

403 1387 509 1450 vsque
536 1367 580 1432 sd
607 1365 738 1452 agenda
765 1365 967 1432 vicecomitis
995 1365 1164 1445 distulisti,
1193 1367 1276 1451 quid
1302 1365 1429 1433 sedicet
1457 1367 1501 1431 sit

360 1495 393 1536 ro
405 1471 569 1553 quasdam
598 1480 703 1538 terras
732 1490 753 1534 a
781 1489 861 1554 rege
889 1469 961 1536 dari
991 1469 1127 1538 blancae
1155 1471 1319 1556 quasdam
1353 1491 1503 1536 numero.

406 1573 486 1639 Hoc
501 1575 590 1640 enim
607 1595 662 1641 me
678 1573 872 1641 sollicitauit
885 1574 929 1639 ab
945 1573 1049 1642 initio.

448 1676 625 1760 Magt'ster.
670 1676 769 1756 Satis,
782 1685 820 1742 vt
834 1678 944 1756 credo,
959 1677 1020 1742 tibi
1035 1685 1166 1744 constat
1186 1697 1232 1743 ex
1246 1677 1403 1763 predictis
1421 1677 1503 1761 quid

405 1780 450 1847 sit
465 1784 627 1866 quasdam
642 1779 754 1846 firmas
767 1781 852 1847 solui
871 1780 1007 1848 blancae
1019 1782 1182 1866 quasdam
1199 1802 1347 1848 numero.
1390 1782 1505 1848 Firma

404 1885 540 1972 quidem
555 1885 675 1952 blanca
689 1885 830 1951 soluitur
843 1905 919 1952 cum
934 1883 1016 1970 ipsa,
1031 1883 1119 1952 sacto
1139 1885 1303 1966 examine,
1318 1886 1503 1952 dealbatur.

362 1984 391 2036 ¹⁵
367 1989 527 2096 quis
517 2011 650 2075 rnsuper
679 1987 777 2056 suerit
797 1990 893 2056 huius
923 1990 1139 2057 institutionis
1164 2001 1280 2056 auctor
1302 1999 1338 2054 et
1365 2009 1431 2074 que
1452 1990 1504 2054 in·

284 2133 286 2138 ·
367 2051 566 2159 vstituendi
591 2094 677 2160 ratio
695 2093 774 2160 satis
795 2093 958 2166 innotuit.
982 2113 1081 2180 porro
1104 2091 1236 2163 firmam
1255 2114 1392 2159 numero
1418 2091 1503 2159 solui

405 2197 554 2263 diximus
569 2217 646 2265 cum
664 2207 796 2264 tantum
818 2199 1022 2265 numerando
1041 2219 1109 2264 non
1128 2199 1355 2266 examinando
1372 2199 1441 2264 de
1430 2216 1504 2282 rpsa

405 2300 533 2366 satisfit
579 2301 665 2366 Cum
691 2320 771 2382 ergo
793 2321 853 2366 rex
877 2299 1016 2368 fundum
1039 2301 1181 2384 aliquem
1203 2301 1301 2368 alicui
1327 2301 1505 2369 contulerit

405 2403 504 2468 simul
525 2423 603 2471 cum
624 2403 806 2498 hundredo,
826 2403 879 2471 vel
904 2403 1032 2488 placitis
1054 2426 1121 2490 que
1142 2426 1187 2472 ex
1208 2406 1273 2473 hoc
1295 2406 1503 2491 proueniunt,

362 2530 394 2570 so
405 2507 520 2573 dicunt
532 2505 673 2572 fundum
688 2507 781 2572 illum
797 2506 844 2572 illi
860 2508 1015 2574 blancum
1027 2507 1205 2587 collatum3
1227 2520 1263 2577 at
1278 2530 1365 2589 cum,
1374 2518 1504 2575 retento

404 2611 468 2678 sibi
490 2610 674 2691 hundredo,
691 2630 750 2696 per
766 2614 856 2696 quod
878 2612 974 2678 firrna
992 2613 1140 2680 dealbari
1159 2615 1290 2691 dicitur,
1310 2612 1505 2697 simpliciter

404 2715 543 2781 fundum
573 2716 702 2782 dederit
731 2737 798 2790 nou
827 2718 1058 2798 determinans,
1088 2721 1183 2784 ‘cum
1220 2713 1414 2785 hundredo’
1450 2716 1502 2781 vel

405 2817 603 2899 ‘blancum’
625 2841 764 2885 numero
783 2822 883 2888 datus
908 2823 1039 2890 dicitur.
1095 2821 1240 2908 Oportet
1261 2831 1376 2888 autem
1399 2829 1437 2886 vt
1459 2821 1503 2886 de

406 2923 510 2990 fundo
525 2922 646 2989 collato
661 2923 763 2991 breue
774 2927 871 3009 regis,
888 2927 940 2999 vel
955 2937 1081 3000 cartam
1093 2926 1172 3002 eius,
1188 2927 1380 2993 intermino
1397 2924 1505 2990 sancti

361 3048 391 3101 ²5
406 3027 580 3095 Michaelis
608 3027 645 3106 is,
672 3029 725 3093 cui
755 3028 894 3096 collatus
916 3039 977 3110 est,
1002 3032 1046 3096 ad
1075 3031 1275 3098 scaccarium
1304 3027 1443 3106 deserat,
1466 3038 1505 3093 vt

404 3132 591 3198 vicecomiti
603 3142 814 3216 computetur
825 3157 834 3211 ;
848 3133 1041 3218 alioquinin
1054 3154 1178 3219 magno
1192 3134 1303 3200 annali
1315 3133 1425 3200 rotulo
1436 3153 1504 3198 non

404 3237 566 3302 scribetur
587 3257 649 3303 nec
680 3236 867 3303 vicecomiti
888 3239 1146 3321 computabitur.
1191 3223 1363 3304 Scribctur
1391 3247 1504 3304 autem

405 3337 462 3412 sic,
485 3347 563 3422 post
588 3336 783 3402 elemosinas
808 3345 843 3402 et
871 3337 1017 3402 decimas
1043 3347 1078 3403 et
1099 3337 1310 3403 liberationes
1335 3338 1505 3422 vtriusque

289 3503 295 3512 ,
406 3441 537 3525 generis
545 3441 751 3519 constitutas,
761 3439 794 3504 in
809 3441 919 3524 capite
933 3439 1018 3506 linee
1033 3440 1092 3505 ‘In
1108 3441 1203 3507 terris
1217 3442 1306 3507 datis
1321 3441 1368 3506 illi
1385 3443 1427 3507 N.
1442 3463 1504 3506 xx.

360 3545 507 3618 selibras
522 3543 567 3608 bl.
585 3543 630 3608 ibi
641 3552 675 3608 et
686 3542 734 3606 illi
747 3543 791 3606 N.
801 3563 862 3607 xx.
875 3543 974 3610 libras
988 3564 1127 3609 numero
1138 3543 1202 3609 ibi.’
1241 3545 1504 3611 Aduertcetiam

405 3648 495 3730 quod
509 3646 536 3711 si
550 3646 636 3711 forte
650 3646 736 3712 inter
744 3655 848 3713 terras
863 3647 959 3713 datas
968 3648 1133 3715 inueneris
1148 3647 1212 3718 ‘illi
1229 3647 1283 3714 vel
1299 3648 1346 3714 illi
1357 3669 1392 3713 x.
1404 3649 1504 3714 libras

406 3747 462 3818 bl.'
477 3749 532 3815 vel
546 3756 707 3814 ‘numero
724 3749 824 3816 ibide
842 3751 983 3834 prestito
1003 3751 1109 3836 regis,'
1124 3771 1201 3817 cum
1221 3751 1259 3827 is,
1277 3753 1335 3836 qui
1355 3772 1504 3818 commo·

405 3853 476 3920 dati
491 3852 543 3919 vel
559 3852 687 3937 prestiti
697 3851 858 3920 beneficio
867 3855 1001 3940 gauisus
1015 3855 1144 3938 est,sati
1155 3856 1270 3922 debita
1281 3856 1430 3936 soluerit,
1440 3856 1503 3921 nisi

405 3977 465 4043 per
479 3956 621 4040 gratiam
642 3957 736 4042 regis,
752 3977 819 4023 non
839 3958 945 4037 vxori,
961 3978 1027 4023 non
1048 3959 1158 4025 liberis
1172 3980 1239 4025 non
1258 3959 1356 4026 alicui
1372 3960 1505 4026 nomine

440 4093 678 4163 scontinenteN
779 4094 1045 4150 6tbesaurariiom.
1056 4095 1084 4152 R
1182 4094 1338 4167 ymemini]
1351 4096 1509 4153 initiumN

405 4166 423 4222 8
435 4169 533 4237 post
534 4164 774 4221 lacetaddetN
822 4164 1032 4222 dehiisom.R
1092 4167 1251 4251 ,pquodN
1314 4182 1348 4238 19
1379 4168 1508 4224 lacitoN

407 4251 443 4292 ao
460 4181 667 4292 collocatumC
741 4249 758 4291 2
758 4235 1033 4320 sportfundoadd.
1046 4237 1099 4294 sibi
1112 4239 1140 4293 R
1217 4237 1320 4294 collota
1433 4250 1467 4310 ις
1480 4238 1505 4294 is

404 4324 459 4364 ons
470 4307 530 4363 NR
582 4306 955 4390 asspostliberationesadd.
969 4307 1037 4364 iaR
1089 4308 1388 4380 sonumerolibrasC
1443 4309 1506 4366 Ad-

404 4379 525 4436 verseR
605 4391 640 4452 3²
659 4376 811 4434 ibiorrcN
