3290 5134
573 421 900 532 [PROLOGUS]

256 593 359 663 NNO
371 585 465 661 xxiii.
481 593 573 680 regni
588 594 673 680 regis
685 595 822 661 Henrici
837 595 974 662 secundi
988 617 1063 663 curn
1079 594 1229 664 sederem
1243 587 1290 664 ad
1302 613 1325 664 Α

299 699 479 766 fenestram
501 699 635 784 specule
656 721 722 785 que
744 707 794 766 est
814 699 910 767 iuxta
918 699 1067 767 'fluuium
1089 701 1289 767 Tamenscm

187 803 312 870 iactum
339 813 391 871 est
419 802 558 870 verbum
587 803 734 870 hominis
763 803 797 868 in
822 804 950 887 impetu
974 804 1141 890 loquentis
1164 807 1209 871 ad
1235 826 1290 870 me

187 905 299 973 dicens
316 907 498 993 ‘Magister
512 928 624 974 nonne
638 906 746 994 legisti
762 909 853 992 quod
868 909 903 974 in
917 907 1052 976 scicntia
1065 909 1118 976 vel
1133 907 1289 975 thesauro

188 1009 386 1078 abscondito
415 1011 508 1076 nulla
537 1012 579 1076 sit
608 1007 776 1078 utilitasi'
832 1010 894 1079 Cui
930 1032 1007 1078 cum
1043 1011 1317 1096 respondisscm5

188 1113 312 1199 ‘Legi,'
336 1113 450 1180 statim
477 1113 598 1181 intulit.
644 1113 732 1180 ‘Cur
757 1134 837 1199 ergo
862 1115 1032 1181 scientiam
1058 1115 1102 1181 de
1126 1114 1289 1180 scaccario

189 1237 256 1304 que
270 1238 374 1302 penes
387 1225 422 1284 te
437 1214 580 1302 plurima
597 1237 670 1283 esse
686 1217 806 1285 dicitur
820 1217 906 1284 alios
923 1238 990 1284 non
1005 1218 1104 1284 doces
1119 1227 1154 1283 et
1168 1237 1212 1283 ne
1225 1215 1288 1282 tibi

189 1321 423 1388 commoriatur
442 1319 567 1406 scripto
587 1320 819 1389 commendas!
864 1323 954 1388 Tum
972 1341 1044 1408 ego,
1062 1321 1170 1387 ‘Ecce
1187 1318 1288 1386 irater

188 1425 232 1490 ad
252 1424 455 1490 scaccarium
474 1422 540 1488 iarn
560 1445 620 1508 per
639 1423 745 1491 multa
763 1434 917 1509 tempora
937 1423 1086 1490 resedisti
1104 1432 1139 1490 et
1157 1422 1239 1489 nihil
1253 1431 1288 1489 te

189 1528 273 1594 latet
294 1548 369 1593 cum
391 1527 602 1614 scrupulosus
624 1527 678 1593 sis.
723 1523 779 1595 Sic
800 1539 836 1596 et
857 1528 901 1594 de
923 1528 1039 1596 ceteris
1061 1526 1118 1612 qui
1140 1527 1288 1592 assident
1302 1552 1334 1590 ιο

189 1631 363 1716 probabile
387 1629 456 1697 est!
502 1631 553 1697 At
577 1630 642 1709 ille,
668 1630 781 1698 ‘Sicut
806 1631 863 1717 qui
889 1630 922 1696 in
947 1630 1093 1697 tenebris
1113 1631 1288 1697 ambulant

189 1743 223 1800 et
238 1734 389 1801 manibus
404 1734 543 1820 palpant
558 1736 746 1820 frequenter
759 1734 942 1816 offendunt,
955 1735 1001 1801 sic
1017 1734 1083 1800 illic
1098 1734 1194 1800 multi
1210 1735 1287 1800 resi-

189 1839 271 1905 dent
289 1839 347 1923 qui
361 1837 510 1905 videntes
531 1859 597 1906 non
611 1840 726 1906 vident
744 1847 779 1905 et
798 1839 971 1906 audientes
991 1859 1057 1905 non
1077 1835 1287 1924 intelligunt'

187 1931 277 2008 Tum
300 1961 374 2026 ego,
394 1942 637 2010 ‘Irreuerentcr
659 1942 812 2026 loqueris,
835 1961 896 2009 nec
922 1943 1011 2009 enim
1036 1942 1172 2009 scientia
1195 1952 1290 2008 tanta

189 2046 302 2113 estvel
318 2047 361 2112 de
375 2045 497 2125 tantis3
519 2053 569 2112 set
584 2045 669 2112 sorte
682 2056 760 2113 sunt
775 2046 850 2125 illis,
860 2047 918 2132 qui
934 2067 1055 2132 magna
1070 2054 1287 2130 aucupantur,
1303 2075 1332 2128 ις

188 2151 289 2217 corda
303 2160 340 2216 ut
355 2151 456 2235 pedes
470 2150 581 2234 aquile
593 2149 649 2234 qui
664 2170 766 2234 parua
780 2171 847 2216 non
862 2149 1004 2216 retinent
1018 2159 1052 2215 et
1067 2168 1151 2232 quos
1165 2170 1288 2234 magna

188 2273 256 2320 non
270 2251 450 2340 effugiunt¹
488 2253 536 2321 Et
551 2253 615 2334 ille,
626 2254 738 2336 ‘Esto‚
753 2263 803 2320 set
817 2254 895 2322 licet
909 2253 1020 2338 aquile
1033 2253 1152 2320 celsius
1165 2253 1287 2332 volent,

187 2367 302 2424 tamen
327 2358 362 2422 in
387 2357 567 2423 humilibus
595 2357 771 2444 quiescunt
799 2367 835 2424 et
863 2355 1060 2437 reficiuntur,
1085 2364 1120 2422 et
1148 2357 1196 2423 ob
1222 2355 1288 2424 hoc

188 2457 326 2526 humilia
338 2460 434 2525 nobis
445 2461 570 2545 exponi
583 2461 727 2545 petimus
742 2461 822 2546 ipsis
837 2460 955 2545 aquilis
970 2458 1158 2546 profutura!
1195 2462 1286 2526 Turn

189 2583 263 2649 ego,
284 2563 435 2631 ‘Veritus
457 2579 530 2630 sum
553 2564 596 2630 de
617 2563 679 2632 hiis
700 2566 799 2631 rebus
820 2585 905 2650 opus
926 2575 1106 2632 contexere
1126 2585 1192 2648 que
1214 2583 1286 2630 cor·
1301 2593 1332 2632 ω

188 2667 297 2753 porcis
316 2667 467 2734 sensibus
487 2667 636 2735 subiecta
656 2677 784 2735 suntet
802 2669 976 2735 cotidianis
989 2669 1102 2735 usibus
1115 2669 1287 2749 vilescunt,

191 2792 253 2838 nec
274 2777 326 2837 est
346 2770 401 2838 vel
422 2791 495 2838 esse
516 2781 628 2857 potest
650 2771 684 2837 in
707 2772 754 2838 eis
779 2772 950 2839 subtilium
978 2791 1086 2838 rerum
1111 2771 1288 2854 descriptio

189 2875 244 2942 vel
266 2875 410 2941 iocunda
429 2875 588 2941 nouitatis
611 2875 778 2942 inuentio’
822 2877 870 2942 Et
891 2875 958 2957 ille,
977 2873 1063 2960 ‘Qui
1085 2875 1288 2941 nouitatibus

190 2979 347 3063 gaudent,
377 2979 435 3062 qui
467 2977 639 3044 subtilium
673 2999 784 3045 rerum
819 2979 932 3064 sugam
963 2988 1135 3063 appetunt,
1163 2977 1288 3043 habent

190 3080 402 3149 Aristotilem
424 3091 458 3147 ct
480 3080 580 3146 libros
603 3081 801 3162 Platonicos,
820 3083 958 3149 audiant
979 3081 1062 3146 illos.
1105 3081 1160 3146 Tu
1182 3079 1288 3146 scribe
1301 3075 1332 3176 {3⁵

188 3207 255 3254 non
284 3185 420 3254 subtilia
445 3194 497 3252 set
521 3183 640 3252 utilia?
679 3186 768 3252 Tum
794 3205 869 3272 ego,
894 3185 968 3251 ‘De
990 3181 1052 3249 hiis
1077 3183 1176 3250 rebus
1204 3203 1287 3267 quas

188 3290 276 3377 petis
291 3288 495 3376 impossibile
508 3299 560 3354 est
574 3289 637 3355 nisi
652 3290 819 3356 rusticano
832 3307 983 3356 sermone
1002 3297 1036 3353 et
1055 3286 1287 3354 communibus

188 3393 279 3478 ioqui
292 3389 424 3460 verbis!
466 3390 517 3458 At
539 3393 594 3459 ille
609 3392 701 3460 velut
721 3411 897 3459 succensus
919 3392 952 3457 in
973 3391 1065 3471 iram,
1087 3388 1286 3457 desideranti

190 3497 279 3564 enim
294 3496 407 3563 animo
422 3496 501 3561 nihil
517 3496 598 3563 satis
613 3496 793 3575 festinatur,
807 3495 862 3575 ait,
882 3495 1035 3561 ‘Artium
1050 3493 1224 3580 scriptores
1244 3515 1286 3559 ne

190 3601 295 3667 multa
316 3619 434 3684 parum
457 3600 558 3668 scisse
576 3599 767 3667 viderentur
787 3607 822 3664 et
844 3608 882 3665 ut
898 3619 951 3664 ars
970 3597 1131 3665 difficilior
1149 3599 1285 3684 cognitu
1299 3631 1333 3683 30

190 3702 292 3781 fieret,
315 3702 421 3770 multa
441 3703 688 3787 conquisierunt
708 3713 744 3770 et
764 3702 874 3768 verbis
900 3701 1075 3786 incognitis
1101 3700 1286 3786 palliarunt

188 3809 242 3874 Tu
267 3807 475 3874 scribendam
498 3817 605 3874 artem
632 3826 700 3874 non
726 3806 865 3891 suscipis
887 3815 940 3872 set
964 3807 1124 3889 quasdam
1147 3825 1286 3871 consue-
1373 3885 1377 3896 .

189 3911 320 3978 tudines
339 3921 375 3978 et
393 3910 466 3975 iura
484 3911 648 3992 scaccarii,
662 3930 727 3998 que
748 3911 827 3998 quia
849 3911 1037 3977 communia
1058 3910 1183 3976 debent
1204 3929 1287 3988 esse,

226 4065 278 4121 1=6
298 4065 384 4120 Anno
411 4103 419 4120 .
443 4103 452 4120 .
475 4103 483 4120 .
509 4061 657 4119 scientiam
679 4064 745 4121 adri.
768 4061 816 4120 N¹
955 4077 972 4134 7
990 4061 1104 4135 dicitur]
1128 4064 1233 4122 debere
1254 4065 1292 4119 N

191 4148 273 4204 10,11
288 4134 538 4219 Sic...probabile
547 4143 590 4192 est
598 4135 811 4193 delerritccorr.
898 4148 929 4192 11
945 4135 1230 4192 SicutdeceterisC:
1249 4137 1288 4192 de

189 4204 289 4262 ceteris
304 4205 411 4261 delam
430 4206 456 4260 C
472 4222 545 4262 corr.
665 4217 696 4278 15
715 4214 892 4277 aucupantur
905 4208 965 4261 sor·
982 4208 1087 4262 simus:
1115 4217 1287 4290 occupantur

190 4275 273 4332 CNR
392 4277 426 4333 16
442 4292 500 4332 non
523 4275 656 4348 paronC
778 4291 812 4347 19
828 4276 909 4332 vobis
1085 4287 1241 4348 asscripta
1259 4278 1288 4330 R

189 4347 319 4417 29-p.6o
339 4345 388 4402 La
408 4343 634 4419 [acrithoresne
731 4347 814 4404 orbus
825 4346 963 4418 loquimur
974 4346 1096 4403 adalv’
1166 4360 1201 4420 3²
1219 4363 1287 4404 vero
1370 4347 1373 4352 '

188 4387 697 4488 amamibendamaddllilectr'm
747 4418 973 4475 maleimellecta
