3326 5126
395 382 460 444 224
763 363 830 430 DE
854 360 1129 432 SCACCARIO

437 533 580 608 Risui
604 537 741 612 suntne
758 552 836 597 nou.
856 531 1506 608 Theotmmquhoneeunenhehasroe

393 635 471 695 been
483 631 612 695 secused
624 631 660 694 oi
669 633 714 693 his
726 633 826 708 crime,
842 632 935 712 might
947 649 1033 694 come
1046 631 1147 693 within
1161 631 1210 693 the
1223 631 1327 694 Assius
1340 633 1376 694 α’
1386 633 1504 696 North·

395 743 525 810 ammon,
536 751 561 793 c.
576 749 612 810 13
623 730 727 812 (Select
740 731 886 806 Ctiarterr¹
901 750 931 810 p.
943 729 1157 812 153),relsting
1166 742 1198 792 to
1208 731 1291 792 those
1301 731 1438 794 enemo
1447 733 1505 794 left

394 831 444 894 the
454 841 578 910 country
587 831 647 892 and
655 830 923 892 refusedtoreturu.
956 829 1015 892 But
1026 829 1356 909 theexectmcuningoi
1366 831 1503 892 mecm

395 928 584 991 isnotcieur.
625 927 753 990 Glenviii
773 928 919 990 discrrsses
935 927 1082 990 iorieiture
1100 927 1261 989 undertbe
1279 939 1337 990 tvo
1355 929 1449 990 besds
1469 931 1507 990 of

395 1028 561 1090 conviction
574 1026 634 1087 end
644 1027 793 1106 outisvry.
834 1027 902 1088 The
912 1027 1116 1088 classiiicution
1125 1026 1195 1088 here
1206 1026 1349 1105 probably
1358 1037 1501 1090 amonuit

395 1139 427 1189 to
440 1127 489 1188 tire
503 1125 680 1206 something
693 1126 969 1204 pervertelystrted.
1001 1124 1046 1187 ct
1057 1124 1193 1198 Gunntt
1204 1123 1249 1185 vii.
1264 1139 1311 1203 η.
1321 1126 1353 1204 §5
1365 1145 1383 1200 4
1395 1125 1457 1186 end
1469 1144 1501 1204 5.

436 1222 827 1298 P.186,is.nt·oticeis
854 1227 976 1286 usim
1013 1222 1062 1284 the
1088 1222 1192 1284 Assire
1218 1223 1254 1284 oi
1278 1223 1500 1303 Nortimmpton

395 1320 515 1404 (1176),
529 1321 624 1384 which
638 1341 698 1382 was
710 1341 730 1384 rt
743 1323 854 1384 curete
867 1322 943 1383 form
955 1322 992 1382 oi
1001 1321 1049 1384 the
1063 1321 1166 1382 Assire
1178 1321 1215 1383 oi
1223 1321 1400 1384 Clarendon.

476 1420 495 1481 l.
516 1424 544 1481 8.
564 1423 744 1482 Bubilium
757 1437 839 1483 vero
851 1425 970 1494 protis
1005 1419 1051 1481 Cf.
1066 1420 1098 1480 P.
1112 1419 1151 1480 It
1167 1438 1202 1481 rr
1220 1419 1299 1482 Hen.
1316 1422 1358 1483 11.
1372 1421 1499 1482 Leitcolu

397 1519 497 1580 ‘idem
511 1520 675 1580 vicecomes
686 1519 781 1579 reddit
794 1529 966 1597 compomm
980 1518 1017 1579 de
1030 1517 1142 1580 comilis
1155 1515 1345 1596 fugitiuorum
1354 1529 1384 1580 et
1394 1536 1500 1580 comm

396 1619 448 1698 qui
465 1617 614 1697 perierunt
632 1618 662 1677 in
678 1617 786 1678 iudicio
806 1635 882 1697 eque
902 1635 1027 1698 quonum
1045 1618 1167 1680 nomine
1187 1617 1235 1678 iic
1255 1618 1499 1678 subscribuntur:

396 1716 435 1778 In
452 1716 588 1778 thesemo
605 1717 673 1793 3311‘
685 1725 716 1776 et
737 1719 796 1776 ror.
811 1725 841 1776 et
862 1717 907 1789 ed.
922 1717 952 1775 in
973 1737 1012 1793 30
1030 1715 1132 1776 talliis!
1181 1714 1275 1777 Other
1289 1716 1435 1778 instance·
1448 1735 1502 1778 are

395 1814 507 1895 quoted
530 1815 570 1892 by
589 1813 704 1875 Madox
728 1813 783 1894 (H.
797 1813 837 1874 E.
858 1833 887 1875 x.
908 1815 925 1892 ξ
946 1817 975 1887 8,
995 1833 1045 1894 pp.
1068 1829 1126 1889 ²²5
1148 1811 1215 1893 sq).
1265 1812 1344 1876 Note
1362 1814 1428 1877 that
1447 1817 1502 1878 ure

397 1914 542 1992 Dialogus
554 1912 657 1974 known
675 1913 799 1991 nothing
818 1912 854 1973 oi
871 1913 919 1974 the
937 1912 1014 1992 right
1026 1911 1063 1974 oi
1077 1913 1125 1974 ure
1139 1931 1238 1972 crorrn
1252 1923 1284 1973 to
1298 1916 1334 1974 ‘s
1347 1930 1423 1991 year,
1440 1912 1503 1990 ἀι]

397 2013 457 2074 und
470 2008 576 2072 wsste'
590 2010 625 2072 oi
636 2010 685 2072 the
698 2010 802 2072 felon's
814 2009 908 2072 lande.
948 2011 1085 2084 Ghnviil,
1098 2011 1145 2071 vii.
1163 2026 1210 2088 ¹⁷·
1225 2032 1253 2085 4.

476 2110 495 2169 i
520 2122 566 2186 17.
587 2125 733 2182 qnorum
745 2126 849 2182 supr·
861 2111 1084 2172 meminimus
1126 2109 1171 2172 Ci
1186 2108 1227 2170 11.
1241 2109 1259 2169 i.
1272 2108 1301 2170 Δ
1314 2109 1417 2170 ebore.

478 2207 567 2268 iso.
585 2210 643 2268 flio
661 2213 697 2268 et
713 2209 903 2268 thuaneum
943 2205 1184 2270 Tressuretrove
1207 2225 1268 2268 ves
1291 2207 1340 2268 tire
1362 2219 1503 2286 property

398 2305 433 2368 oi
449 2305 498 2366 the
515 2321 625 2378 eroum,
644 2305 704 2364 end
722 2304 771 2365 the
789 2305 992 2366 eoreealmenr
1008 2305 1043 2370 oi
1059 2305 1082 2367 it
1097 2324 1118 2367 ι
1135 2306 1268 2368 criminal
1285 2305 1409 2367 offence.
1450 2304 1500 2369 Cf.

398 2403 534 2477 Gnnvitl,
556 2403 574 2462 i.
598 2422 625 2475 s,
646 2402 701 2462 xiv.
724 2421 751 2462 r.
800 2400 954 2464 instances
973 2403 1009 2465 oi
1029 2414 1250 2466 Μικίωνα
1270 2401 1434 2466 eccmrnted
1454 2402 1503 2464 ior

399 2505 440 2582 by
453 2501 502 2563 the
515 2500 617 2562 cherin
627 2500 683 2560 eiii
696 2501 733 2561 be
747 2499 839 2561 found
852 2501 883 2561 in
898 2499 1022 2576 Medon,
1036 2501 1080 2564 H.
1094 2501 1135 2564 Ε.
1149 2521 1179 2564 x.
1193 2504 1209 2580 5
1224 2505 1253 2574 8,
1267 2519 1297 2580 p.
1315 2520 1383 2579 ²34·

479 2605 570 2662 Item
602 2615 682 2660 oum
711 2602 790 2672 quir
823 2603 950 2662 inicum
983 2605 1129 2663 mudum
1163 2605 1301 2663 inim
1347 2599 1502 2678 Compare

398 2697 536 2773 Ginnvill,
559 2698 606 2758 vii.
632 2702 676 2758 1⁶.
702 2698 733 2776 §5
758 2717 817 2772 r-4
842 2697 937 2759 ‘Cum
964 2699 1127 2779 quievero
1153 2699 1308 2760 intestatus
1334 2697 1502 2769 decesserit,

399 2797 500 2857 omnis
517 2795 622 2858 catalla
640 2814 694 2857 sua
711 2797 756 2857 sui
773 2795 885 2859 domini
904 2815 968 2859 esse
989 2796 1202 2876 melligurorn
1218 2841 1226 2856 .
1240 2839 1247 2856 .
1262 2840 1270 2858 .
1283 2795 1414 2856 Vsururii
1431 2813 1503 2856 vero

400 2913 505 2957 omnes
527 2913 581 2968 res,
602 2896 665 2956 siue
689 2905 809 2956 testatus
833 2897 896 2957 siue
916 2897 1067 2958 intestatus
1087 2896 1271 2956 decessenrnt
1291 2893 1367 2975 (εῖτ),
1388 2892 1504 2954 domini

401 2993 493 3073 Regis
513 3005 598 3067 sunt;
629 2995 712 3056 riuus
731 3005 829 3056 autem
849 3013 910 3056 non
931 2994 1004 3056 solet
1024 2995 1129 3074 aliquis
1148 2994 1187 3056 de
1206 2993 1327 3056 crimine
1348 3010 1432 3052 vsure
1452 3010 1504 3070 sp*

400 3091 502 3172 pelleri
525 3110 581 3152 nec
604 3092 748 3168 conuinci,
772 3093 825 3154 sed
846 3093 922 3154 inter
947 3103 1059 3154 ceteras
1082 3092 1174 3171 Regis
1199 3091 1400 3171 inquisitiones
1425 3091 1504 3151 sciet

401 3191 507 3269 inquiri
518 3201 548 3252 et
564 3191 690 3269 probari,
704 3191 830 3270 aliquem
844 3193 875 3252 in
888 3192 937 3252 teli
954 3193 1075 3253 cnmine
1095 3191 1253 3252 decessisse
1272 3209 1325 3270 per
1345 3189 1504 3252 duodecim

401 3289 511 3367 legales
538 3289 672 3350 homines
696 3289 733 3350 de
757 3290 880 3351 visineto
904 3299 933 3351 et
960 3308 1012 3369 per
1039 3307 1141 3351 eorum
1168 3300 1390 3351 mmmrentum.
1430 3286 1504 3361 Quo

401 3388 526 3465 probato
539 3388 570 3447 in
590 3388 679 3461 curia,
692 3404 796 3448 omnes
816 3405 863 3448 res
882 3389 1006 3450 mobiles
1022 3399 1052 3450 et
1069 3388 1170 3450 omnin
1187 3387 1291 3449 etsta
1308 3405 1367 3464 que
1385 3387 1504 3447 suerum

402 3485 494 3563 ipsius
507 3485 627 3545 usurarii
640 3485 756 3558 mortui,
770 3485 809 3546 ud
823 3503 890 3546 usus
903 3485 1015 3548 domini
1029 3486 1120 3564 Regis
1135 3486 1285 3566 capientur
1295 3503 1387 3564 penes
1399 3501 1504 3562 quem·

402 3599 528 3659 cumque
542 3581 727 3642 inueniuntur
740 3601 786 3643 res
805 3583 860 3644 ille.
904 3582 1004 3646 Heres
1022 3602 1140 3664 quoque
1157 3584 1248 3662 ipsius
1268 3582 1323 3644 bec
1341 3581 1447 3643 eedem
1465 3581 1504 3642 de

402 3696 492 3739 causa
505 3678 697 3740 exheredatur
710 3681 873 3741 secundum
885 3681 931 3742 ius
944 3683 1028 3760 regni
1040 3691 1071 3744 et
1083 3681 1123 3742 ed
1135 3681 1289 3744 dominum
1301 3680 1348 3741 vel
1366 3680 1504 3741 dominos

403 3785 561 3837 reuertetur
580 3775 732 3838 heredites
782 3777 940 3840 Sciendum
960 3789 1067 3854 umen,
1080 3781 1162 3859 quod
1180 3781 1206 3842 si
1224 3781 1290 3858 quis
1310 3779 1409 3858 aliquo
1429 3789 1505 3839 tem·

403 3892 475 3953 pore
496 3875 641 3935 ronanus
659 3875 793 3937 fueritin
811 3878 869 3938 vite
889 3897 950 3952 sua,
975 3889 1005 3939 et
1027 3897 1115 3958 super
1137 3879 1195 3940 hoc
1218 3879 1250 3938 in
1271 3879 1364 3956 petris
1387 3877 1504 3955 publice

405 3971 575 4045 desanaus,
590 3973 725 4034 simmen
741 3992 762 4035 e
777 3973 884 4036 delicto
902 3977 968 4055 ipso
987 3988 1055 4039 ante
1072 3987 1200 4038 mortem
1216 3993 1302 4037 errem
1317 3975 1458 4037 destiterit
1473 3985 1505 4036 et

404 4069 594 4150 penitentiam
608 4069 707 4148 egerit,
721 4081 789 4149 post
802 4082 929 4134 mortem
942 4073 1033 4152 ipsius
1046 4073 1094 4134 ille
1106 4074 1153 4135 vei
1165 4092 1210 4134 res
1222 4074 1286 4135 eius
1299 4073 1365 4150 lege
1384 4074 1506 4134 usurarii

405 4167 526 4228 minime
558 4169 762 4231 censebuntur.
818 4169 944 4250 Oportet
970 4189 1043 4250 ergo
1070 4182 1213 4245 constare,
1240 4172 1324 4251 quod
1358 4173 1505 4234 usurarius

405 4265 562 4327 decesserit
588 4265 692 4346 aliquis
719 4266 847 4341 adhoc,
875 4281 908 4330 ut
931 4270 969 4331 de
992 4289 1030 4332 eo
1056 4279 1198 4350 tanquem
1226 4269 1263 4330 de
1284 4272 1414 4331 usurario
1438 4283 1506 4349 post

304 4425 306 4430 .
346 4428 354 4449 1
405 4373 532 4428 mortem
558 4363 648 4445 ipsius
675 4366 817 4428 iudicetur
840 4376 871 4430 et
892 4367 929 4429 de
950 4369 1038 4432 rebus
1065 4368 1156 4448 ipsius
1183 4377 1325 4448 tanquam
1353 4369 1391 4431 de
1418 4371 1506 4432 rebus
