3360 5172
405 399 447 484 γε
772 381 840 466 bs
862 377 1135 468 scaccario
1397 377 1504 490 [rvr

406 572 447 638 In
472 572 616 639 secunda
641 591 719 638 vero
744 572 788 637 de
813 569 995 656 insignibus
1020 569 1160 655 predicti
1189 567 1276 655 regis
1304 570 1406 656 gestis
1436 591 1503 655 que

405 677 506 742 fidem
536 675 718 742 humanam
747 677 925 742 excedunt
974 673 1015 740 In
1045 675 1144 741 tertia
1171 694 1250 739 vero
1279 674 1323 740 de
1353 674 1503 758 pluribus

406 781 551 865 negociis
576 788 646 845 tam
673 779 816 864 publicis
838 799 939 864 quarn
961 777 1185 854 familiaribus,
1208 797 1335 844 necnon
1357 789 1391 844 et
1412 778 1503 844 curie

405 884 529 951 iudiciis
551 884 668 968 agitur.
715 883 782 950 Hic
801 884 829 950 si
849 882 933 949 sorte
953 881 988 946 in
1008 902 1125 946 manus
1146 891 1221 947 tuas
1242 881 1400 958 inciderit,
1421 903 1503 948 caue

377 1008 448 1068 5ne
465 997 500 1053 te
520 986 667 1072 effugiat.
710 987 811 1054 Vtilis
831 987 920 1052 enim
940 1005 1013 1050 esse
1031 985 1155 1069 poterit
1174 986 1291 1051 futuris
1311 984 1396 1051 sorte
1414 995 1500 1050 tem·

406 1090 548 1177 poribus,
569 1101 603 1157 et
625 1091 784 1158 iocundus
806 1089 880 1170 hiis,
898 1088 954 1175 qui
976 1090 1019 1154 de
1041 1089 1132 1172 regni
1153 1097 1243 1154 statu
1266 1091 1329 1155 sub
1351 1090 1502 1174 predicto

405 1195 553 1280 principe
588 1195 719 1260 solliciti
755 1192 885 1261 luerint.
947 1193 1014 1259 Hic
1042 1195 1132 1258 enim
1165 1214 1225 1258 rex
1254 1191 1331 1258 licet
1360 1193 1503 1260 ‘attauis

406 1300 539 1382 regibus
560 1295 686 1363 editus’
706 1297 803 1364 suerit
824 1307 859 1363 et
880 1317 939 1382 per
960 1297 1060 1381 longa
1081 1307 1242 1363 terrarum
1260 1298 1369 1381 spatia
1387 1297 1502 1361 trium·

369 1401 496 1489 Qphali
525 1401 661 1466 victoria
693 1421 790 1466 suum
822 1401 1009 1468 dilatauerit
1041 1401 1225 1484 imperium,
1254 1402 1360 1464 maius
1387 1411 1504 1467 tamen

363 1539 393 1574 ιο
406 1515 458 1571 est
482 1505 572 1590 quod
601 1505 779 1590 prodigum
805 1505 838 1569 in
864 1525 900 1569 se
924 1502 1014 1570 same
1039 1503 1173 1570 titulum
1204 1504 1346 1570 strenuis
1374 1504 1504 1570 actibus

406 1608 585 1692 superauit.
631 1607 692 1674 Set
710 1608 754 1673 de
774 1607 838 1673 hiis
860 1606 1017 1674 hactenus
1038 1627 1125 1672 nunc
1147 1616 1246 1690 cepta
1267 1606 1402 1692 negotia
1424 1627 1503 1691 pro·

405 1731 592 1795 sequamur.

448 1813 644 1897 Dricr'pulus.
691 1815 785 1895 Esto,
800 1815 878 1898 quia
893 1814 939 1880 sic
954 1814 1073 1898 placet
1120 1813 1222 1880 Salua
1239 1813 1282 1880 sit
1297 1813 1396 1899 igitur
1409 1833 1503 1879 reue·

407 1920 512 1985 tentia
526 1919 729 1997 thesaurarii,
743 1918 795 1985 hic
809 1920 940 1984 videtur
959 1921 1029 1984 eius
1044 1918 1195 2001 dignitati
1210 1918 1407 2003 derogatum
1425 1920 1503 2004 quia

363 2057 391 2108 15
406 2044 472 2088 non
487 2032 538 2089 est
552 2023 614 2088 soli
629 2021 706 2088 fidei
720 2023 822 2106 ipsius
838 2043 897 2107 per
911 2022 1022 2088 omnia
1036 2023 1205 2089 creditum.

449 2127 623 2209 Magum.
666 2125 778 2192 Absit.
825 2127 935 2191 Immo
956 2126 1063 2210 magis
1082 2127 1129 2191 sic
1150 2127 1220 2192 eius
1240 2125 1407 2192 laboribus
1425 2147 1502 2211 par·

405 2231 491 2296 citur
511 2239 545 2296 et
565 2229 797 2314 indempnitati
817 2229 1018 2313 prouidetur.
1063 2230 1142 2295 Non
1161 2230 1249 2296 enim
1270 2231 1347 2314 quia
1364 2229 1416 2295 vel
1438 2229 1502 2313 ipsi

406 2332 458 2399 vel
473 2332 530 2399 alii
550 2353 617 2398 non
637 2333 782 2398 creditur
800 2343 853 2398 tot
867 2343 902 2399 et
915 2335 998 2398 tanti
1014 2335 1157 2400 resident
1172 2335 1215 2399 ad
1231 2335 1435 2409 scaccarium,
1451 2343 1503 2399 set

405 2438 486 2522 quia
513 2438 611 2502 rebus
641 2437 771 2521 magnis
795 2445 833 2502 et
861 2437 952 2521 regni
981 2439 1123 2522 negotiis
1146 2439 1208 2502 sub
1233 2447 1329 2503 tanto
1354 2438 1502 2520 principe

362 2572 393 2607 πο
406 2543 502 2606 decet
525 2559 663 2624 magnos
684 2559 724 2605 ac
747 2540 867 2606 multos
889 2541 1050 2624 deputari,
1073 2561 1140 2608 non
1161 2551 1289 2607 tantum
1311 2553 1348 2607 vt
1366 2541 1502 2607 utilitati

406 2644 608 2729 prospiciant
622 2653 673 2710 set
689 2641 885 2709 excellentie
899 2655 933 2710 et
947 2645 1065 2711 honori
1081 2646 1172 2730 regio
1187 2647 1384 2712 desemiant.

447 2746 645 2831 Discipulus.
690 2748 890 2831 Prosequere
904 2749 931 2814 si
947 2750 1056 2832 placet
1070 2751 1113 2815 de
1127 2749 1252 2816 officiis.

448 2852 625 2936 Magister.
670 2851 825 2919 Officium
847 2853 1040 2919 thesaurarii
1063 2853 1115 2918 vel
1138 2874 1217 2919 cura
1238 2852 1291 2920 vel
1313 2852 1502 2920 sollicitudo

406 2956 508 3040 ipsius
537 2956 595 3021 vix
624 2955 783 3040 explicari
815 2967 927 3039 posset
956 2956 1073 3033 verbis,
1101 2957 1204 3022 etiam
1237 2958 1265 3022 si
1297 2966 1386 3022 esset
1419 2956 1502 3021 mihi

362 3087 392 3138 25
406 3061 571 3127 ‘calamus
593 3061 697 3127 scribe
717 3061 873 3127 velociter
892 3060 1080 3127 scribentis'
1125 3059 1164 3126 In
1185 3062 1338 3128 omnibus
1358 3059 1446 3126 enim
1466 3072 1503 3127 et

406 3184 465 3248 per
490 3165 602 3229 omnia
626 3185 692 3248 que
713 3163 765 3230 vel
788 3164 822 3229 in
845 3163 997 3230 inferiore
1019 3167 1184 3230 scaccario
1205 3163 1258 3231 vel
1280 3167 1313 3230 in
1335 3165 1503 3250 superiore

405 3279 564 3352 geruntur
583 3269 686 3353 ipsius
706 3267 845 3335 sollicita
864 3269 1033 3353 diligentia
1048 3269 1230 3336 necessaria
1247 3277 1308 3334 est.
1354 3269 1411 3333 Ex
1425 3288 1502 3353 pre-

406 3372 503 3438 dictis
529 3381 643 3437 tamen
665 3391 787 3456 magna
809 3392 870 3456 pro
892 3379 986 3456 parte
1009 3382 1161 3438 constare
1183 3373 1306 3457 poterit
1327 3373 1360 3436 in
1383 3372 1503 3455 quibus

369 3475 547 3559 Ramplior
576 3475 620 3541 sit
642 3475 713 3540 eius
739 3494 825 3556 cura,
847 3477 934 3540 adeo
955 3485 992 3540 vt
1016 3475 1060 3542 ab
1085 3475 1150 3541 hiis
1174 3474 1271 3542 auelli
1301 3496 1368 3540 non
1396 3476 1503 3560 possit

361 3608 394 3658 30
407 3588 561 3644 manente
589 3579 761 3655 scaccario,
786 3580 821 3644 in
849 3578 1045 3662 recipiendis
1074 3580 1198 3648 scilicet
1225 3581 1389 3665 compotis
1417 3582 1504 3647 vice·

406 3682 575 3756 comitum,
599 3690 633 3747 et
658 3681 691 3745 in
718 3683 877 3766 scriptura
907 3682 1016 3749 rotuli.
1060 3683 1138 3768 Ipse
1167 3705 1311 3768 namque
1341 3684 1504 3751 ministrat

406 3783 507 3849 verba
517 3784 698 3849 secundum
709 3785 903 3869 qualitatem
921 3787 1127 3869 negotiorum
1144 3787 1177 3852 in
1192 3789 1389 3873 scripturam
1402 3787 1503 3854 rotuli

406 3888 502 3964 sui,a
522 3907 589 3971 quo
608 3890 825 3972 postmodum
843 3889 926 3954 illud
945 3890 1033 3956 idem
1053 3890 1217 3976 excipitur
1236 3893 1280 3956 ab
1297 3890 1370 3956 aliis
1385 3892 1503 3957 rotulis

444 4156 460 4212 3
474 4145 542 4213 post
551 4151 612 4198 tam
624 4142 689 4200 add.
702 4142 730 4199 in
740 4144 770 4199 R
867 4142 908 4215 et]
921 4145 950 4202 in
961 4146 990 4201 R
1096 4161 1114 4214 4
1126 4145 1236 4205 iudiciis
1247 4147 1375 4203 Madox:
1401 4145 1502 4204 iudicis

407 4214 442 4268 N
447 4229 454 4268 τ
486 4212 604 4270 induciis
627 4216 673 4270 Ra
704 4212 880 4273 iudicibusc
974 4225 1099 4288 5potsst
1118 4219 1152 4274 R
1255 4217 1337 4288 forte]
1362 4235 1430 4274 vero
1453 4219 1489 4274 N
1493 4234 1502 4273 ε

407 4285 514 4340 esseR
637 4285 805 4354 7solliciC
901 4283 1081 4344 8etom.R
1206 4291 1504 4362 uprnsequamusR

410 4369 442 4423 13
457 4353 594 4425 sichiN
666 4357 1251 4431 aoac...rtilitatiom.Nperlacunam
1333 4374 1366 4417 21
1386 4359 1508 4432 regisN

407 4439 440 4498 25
460 4425 561 4498 scribe]
574 4427 697 4486 scribere
711 4429 748 4485 C:
767 4445 821 4484 om.
833 4431 870 4484 N
936 4430 971 4485 26
982 4433 1070 4502 prius
1082 4431 1111 4488 iu
1123 4447 1176 4488 om.
1189 4431 1248 4487 NR
