3360 5172
423 335 436 382 r
443 333 486 404 30
789 315 856 386 DE
879 311 1154 386 SCACCARIO
1359 315 1405 410 [11
1419 321 1480 388 viii
1496 335 1535 387 Α

420 489 498 558 inde
516 491 617 556 breue
638 489 724 575 regis
742 493 786 558 ad
803 489 1004 557 scaccarium
1025 492 1089 558 sub
1110 489 1302 559 testimonio
1318 493 1534 578 presidentis

421 606 456 661 et
469 591 603 660 alterius
615 613 715 679 quem
731 595 913 680 preceperit
928 595 1043 680 inquo
1057 613 1187 662 summa
1202 595 1258 662 illa
1268 595 1311 662 de
1325 615 1393 682 qua
1403 599 1533 664 testati

420 708 498 765 suut
531 707 566 766 et
598 697 680 765 item
714 701 847 765 nomina
880 701 1056 766 cononum
1089 701 1338 785 exprimantur;
1373 713 1408 770 et
1437 713 1531 769 tunc

420 803 556 869 demum
578 799 761 870 vicecomiti
781 803 1037 888 computabitur.
1081 799 1232 888 Quodsi
1253 823 1314 890 per
1334 805 1396 874 hec
1418 809 1532 874 missa

390 915 687 986 5consummatum
712 907 800 992 regis
825 927 912 992 opus
936 907 1043 984 fuerit,
1070 910 1214 1012 primum
1239 909 1322 977 illud
1352 913 1453 978 breue
1478 915 1530 978 de

418 1011 611 1078 necessariis
635 1011 870 1089 ministrandis,
893 1013 984 1096 quod
1005 1011 1190 1080 vicecomiti
1215 1013 1378 1081 directum
1401 1026 1461 1096 est,
1486 1027 1529 1082 et

417 1115 482 1180 boc
503 1114 668 1194 ultimum,
682 1116 772 1198 quod
793 1115 838 1182 ad
857 1116 1057 1183 scaccarium
1079 1114 1129 1196 fit,
1149 1117 1183 1182 in
1205 1115 1312 1184 forulo
1334 1119 1528 1186 marescalli

418 1218 463 1283 de
483 1218 648 1302 compotis
669 1217 764 1284 iactis
786 1218 1009 1287 recluduntur.
1053 1219 1091 1286 Si
1112 1221 1194 1306 quid
1215 1232 1329 1287 autem
1349 1231 1452 1288 restat
1475 1225 1526 1290 de

417 1323 491 1407 ipso
518 1339 619 1406 opere
641 1321 841 1400 iaciendum,
862 1323 1048 1390 vicecomes
1077 1326 1168 1408 quod
1192 1325 1255 1392 sibi
1277 1326 1440 1392 directum
1466 1335 1524 1394 ert

374 1441 406 1484 ιο
418 1425 519 1492 breue
536 1445 641 1510 mque
660 1426 703 1492 ad
721 1426 809 1492 idem
830 1446 915 1509 opus
935 1428 1137 1512 completum
1152 1449 1254 1514 penes
1269 1449 1306 1494 se
1326 1431 1522 1510 resemabit,

416 1539 454 1594 vt
475 1529 552 1596 hinc
571 1531 614 1596 sit
635 1531 665 1596 ei
685 1531 864 1598 auctoritas
884 1532 976 1616 operi
996 1532 1197 1616 perficiendo
1217 1535 1399 1600 neccssaria
1421 1534 1522 1600 mini-

417 1643 531 1699 strare.
576 1633 755 1719 Reliquum
780 1653 858 1701 uero
883 1635 918 1700 in
942 1635 1050 1701 torulo
1078 1635 1123 1702 de
1148 1657 1216 1722 quo
1237 1637 1364 1704 dictum
1391 1647 1450 1719 est,
1465 1643 1528 1704 re-'

418 1737 577 1806 cludetur.
622 1737 709 1805 Cum
730 1739 818 1804 enim
833 1739 995 1805 scribatur
1010 1741 1043 1806 in
1058 1740 1168 1806 annali
1184 1739 1235 1806 ‘iu
1250 1742 1443 1826 operatione
1460 1742 1521 1808 illa

417 1863 445 1907 c.
461 1841 577 1908 libras’
602 1851 737 1927 oportet
758 1851 997 1926 consequenter
1018 1845 1141 1930 apponi
1157 1852 1238 1930 ‘per
1257 1845 1358 1912 breue
1380 1847 1466 1932 regis
1481 1855 1520 1914 et

373 1977 403 2030 ¹⁵
417 1965 478 2032 per
501 1948 608 2012 visum
633 1945 752 2011 horum
776 1945 830 2010 Ν.’
873 1945 975 2030 Quod
1000 1949 1029 2013 si
1054 1967 1120 2014 non
1146 1957 1279 2014 extaret
1304 1949 1405 2016 breue
1430 1951 1521 2035 regis

382 2065 590 2116 Bnumerum
605 2051 713 2133 ipsum
729 2059 763 2116 et
778 2050 913 2120 nomina
929 2051 1106 2117 custodum
1125 2053 1298 2118 continens
1315 2052 1399 2120 falsa
1411 2055 1519 2120 videri

416 2162 531 2238 posset
545 2154 705 2237 scriptura
720 2154 818 2219 rotuli
833 2154 975 2220 dicentis
989 2158 1068 2240 ‘per
1084 2156 1186 2222 breue
1202 2153 1309 2243 regis’

458 2257 655 2340 Discipulus.
701 2255 740 2322 In
754 2257 819 2323 hoc
832 2257 935 2324 verbo
951 2259 1000 2325 sic
1015 2259 1095 2324 mihi
1110 2260 1316 2328 satisfactum
1335 2271 1386 2327 est
1400 2269 1437 2328 vt
1451 2262 1516 2327 hiis

417 2361 461 2426 ad
475 2381 541 2445 que
555 2361 750 2444 requirenda
766 2361 831 2427 iam
847 2381 905 2428 ora
924 2362 1117 2429 laxaueram
1134 2374 1254 2447 sponte
1271 2367 1516 2450 supersedeam.

373 2486 405 2522 πο
419 2463 506 2531 Cum
521 2466 609 2529 enim
622 2466 808 2530 vicecomiti
822 2465 971 2531 delatum
986 2468 1030 2533 sit
1045 2469 1148 2533 breue
1167 2469 1253 2551 regis
1269 2470 1312 2535 de
1327 2468 1515 2534 necessariis

417 2569 545 2634 adhoc
568 2568 621 2634 vel
642 2568 685 2634 ad
709 2568 790 2634 illud
813 2589 898 2653 opus
921 2569 1134 2651 inueniendis,
1157 2581 1191 2638 et
1213 2572 1256 2638 sit
1273 2575 1440 2638 adiectum
1463 2581 1516 2640 ‘et

417 2671 667 2755 computabitur
680 2672 742 2737 tibi
757 2674 801 2738 ad
816 2671 1036 2739 scaccarium'
1052 2674 1105 2739 vel
1124 2675 1188 2740 hoe
1204 2675 1342 2741 ‘Inueni
1359 2676 1402 2742 de
1420 2676 1515 2742 firma

418 2776 495 2842 tua'
530 2777 621 2859 quod
658 2775 808 2842 eiusdem
847 2796 932 2861 pene
970 2787 1022 2844 est
1058 2779 1275 2857 auctoritatis,
1312 2781 1514 2864 superfluum

418 2881 593 2946 videbatur
617 2889 654 2945 vt
675 2873 774 2964 super
797 2880 863 2946 alio
887 2881 979 2946 breui
1000 2881 1161 2948 sollicitus
1186 2891 1284 2948 esset.
1330 2883 1401 2950 Nec
1425 2884 1514 2949 enim

375 3003 405 3055 ²⁵
420 2984 644 3068 intelligebam
673 2985 764 3068 quod
795 2985 828 3048 in
864 2985 937 3068 ipso
970 2983 1063 3050 breui
1094 3005 1252 3052 numerus
1282 2997 1369 3054 esset
1402 2989 1514 3073 expri-

343 3161 347 3168 .
420 3089 562 3154 tuendus
580 3098 616 3152 vt
634 3089 681 3154 sic
696 3089 729 3152 in
744 3089 862 3153 eodem
876 3089 1051 3154 verborum
1066 3100 1182 3156 tenore
1199 3091 1366 3158 autentico
1381 3111 1513 3178 respon·

372 3264 380 3279 ,
419 3194 498 3258 deat
513 3191 632 3258 annali.

370 3279 408 3393 ιζ
462 3295 640 3379 Magister.
687 3296 839 3380 Intellige
861 3293 1008 3362 sinrifiter
1028 3297 1119 3378 quod
1142 3297 1175 3362 in
1197 3298 1351 3364 scaccarii
1373 3301 1511 3384 negotiis

419 3419 513 3467 aecus
538 3411 589 3464 est
612 3419 711 3485 quam
734 3401 769 3465 in
790 3401 871 3465 aliis
916 3399 1048 3484 Dicitur
1073 3400 1160 3465 enirn
1184 3401 1218 3465 in
1240 3402 1405 3486 plerisque
1423 3405 1511 3488 quod

374 3519 407 3571 ³0
421 3507 597 3587 ‘expressa
611 3515 732 3571 nocent
746 3525 813 3568 non
829 3523 987 3588 expressa
1002 3523 1069 3568 non
1088 3504 1246 3584 nocent’3
1266 3525 1380 3571 verum

519 3605 593 3670 ‘hic
619 3626 778 3692 expressa
801 3607 915 3674 iuuant
936 3617 970 3672 et
992 3628 1059 3672 non
1082 3628 1239 3693 expressa
1258 3609 1417 3694 fatigant’

301 3695 302 3700 ἵ
418 3709 521 3775 Verbi
542 3709 649 3791 gratia
663 3729 671 3789 ς
686 3710 714 3774 si
729 3719 861 3775 tenetur
875 3711 949 3794 quis
961 3711 1030 3794 regi
1046 3711 1080 3775 in
1096 3733 1123 3777 c.
1142 3723 1177 3778 et
1191 3713 1291 3778 breue
1305 3715 1376 3779 eius
1388 3711 1511 3781 deserat

419 3812 463 3878 ad
475 3813 675 3879 scaccarium
694 3821 731 3878 ut
745 3812 877 3896 quietus
891 3815 934 3880 sit
948 3815 991 3880 de
1006 3815 1120 3880 debito
1132 3817 1223 3900 quod
1238 3817 1270 3880 ei
1292 3817 1402 3896 debet,
1413 3818 1510 3884 addat

419 3915 520 3981 etiam
531 3923 615 3994 toto,
627 3924 660 3981 et
671 3935 804 3982 causam
818 3917 916 3982 simui
928 3917 1094 4002 exprimat
1106 3929 1157 3985 set
1172 3940 1239 3984 non
1254 3939 1438 4001 numerum,
1449 3941 1509 3988 non

372 4033 404 4092 aa
418 4028 555 4105 propter
569 4018 633 4085 hoc
646 4017 847 4101 absoluctur,
861 4029 913 4086 set
928 4023 1035 4106 magis
1050 4041 1108 4104 per
1122 4023 1186 4089 hoc
1200 4023 1394 4090 dilationem
1411 4043 1510 4109 vsque

453 4201 517 4250 aet
528 4194 628 4249 ΜΝ
701 4193 771 4268 quo]
784 4211 840 4267 qua
854 4195 890 4250 N
955 4195 1149 4263 4vicecomiti
1162 4197 1255 4253 om.R
1323 4169 1509 4254 missaonuli

419 4279 431 4322 1
438 4279 451 4337 ς
472 4267 571 4322 borum
584 4265 676 4322 cruc
749 4283 806 4323 non
818 4283 871 4323 om.
883 4267 920 4324 N
988 4267 1232 4338 281ntelligiteR
1301 4282 1345 4338 30,
1358 4284 1390 4339 31
1410 4280 1508 4327 nocant

416 4353 475 4394 non
488 4378 495 4393 .
508 4375 516 4394 .
528 4377 535 4393 .
547 4335 594 4393 hic
605 4353 802 4428 expressam.
813 4337 842 4392 R
911 4351 947 4408 30
963 4354 1021 4395 nou
1033 4355 1163 4410 expressa
1175 4355 1232 4396 uon
1244 4349 1410 4397 nocentum.
1424 4340 1449 4397 C
