3360 5172
409 387 474 438 100
777 370 845 437 os
868 367 1142 440 sexccxmo
1400 367 1431 462 [ι
1445 387 1507 443 xn

408 542 551 609 dominis
567 539 644 621 suis,
658 563 681 609 a
694 539 746 607 sui
765 551 871 608 status
886 541 1076 610 conditione
1087 541 1265 612 discedere
1306 541 1357 612 Ea
1372 553 1508 630 propter

409 667 494 731 pene
520 645 708 730 quicunque
734 645 782 712 sic
810 645 911 712 bodie
929 646 1056 713 occisus
1080 647 1245 730 reperitur,
1267 657 1305 716 vt
1334 649 1506 716 murdrum

407 750 552 836 punitur,
579 748 728 834 exceptis
756 748 821 814 hiis
849 750 893 816 dc
921 749 1043 836 quibus
1070 759 1161 818 certa
1189 759 1267 820 sunt
1297 761 1334 818 vt
1359 752 1508 822 diximus

408 853 536 922 seruilis
551 851 749 919 conditionis
764 851 895 918 indicia.

379 981 395 1036 5
450 955 648 1040 Decrpulrn.
693 955 798 1020 Miror
827 954 1000 1040 singularis
1030 954 1228 1026 excellentie
1256 957 1441 1044 principem
1472 968 1506 1025 et

407 1061 566 1128 acerrime
585 1058 718 1124 virtutis
738 1056 910 1124 hominem
933 1059 967 1126 in
987 1059 1161 1127 subactam
1180 1070 1215 1127 et
1232 1061 1296 1128 sibi
1316 1073 1507 1147 suspectum

408 1163 601 1249 Anglorum
627 1155 762 1247 ge'ntem
784 1161 848 1230 hac
869 1182 966 1229 vsunr
989 1163 1220 1242 misericordia,
1241 1173 1278 1232 vt
1301 1185 1368 1232 non
1397 1165 1506 1232 solum

408 1269 545 1334 colonos
565 1285 626 1353 per
655 1285 741 1351 quos
769 1265 970 1352 agricultura
999 1276 1114 1352 posset
1136 1269 1280 1336 exerceri
1311 1268 1506 1353 indempnes

408 1381 563 1450 seruaret,
577 1390 692 1436 verum
700 1369 786 1456 'ipsis
801 1370 892 1456 regni
904 1370 1086 1438 maioribus
1098 1370 1220 1440 fundos
1234 1392 1313 1440 suos
1325 1381 1360 1442 et
1374 1373 1503 1459 amplas

366 1499 397 1538 10
409 1474 633 1560 possessiones
647 1473 856 1557 relinqueret.

449 1579 625 1662 Magister.
663 1577 760 1644 Licet
773 1578 835 1644 hec
850 1577 894 1644 ad
909 1585 1065 1664 suscepta
1082 1577 1225 1663 negotia,
1239 1580 1360 1664 quibus
1375 1581 1506 1649 debitor

407 1683 513 1748 sactus
534 1701 707 1761 sum,.non
728 1681 901 1758 attineant,
923 1690 1038 1748 temen
1058 1703 1124 1767 que
1147 1701 1246 1767 super
1267 1683 1332 1750 hiis
1357 1685 1403 1750 ab
1424 1685 1505 1770 ipsis

408 1787 572 1873 indigenis
600 1786 713 1870 accepi
742 1787 845 1870 gratis
874 1805 1054 1870 exponam.
1115 1786 1196 1854 Post
1219 1788 1312 1872 regni
1341 1790 1505 1872 conquisi-

407 1893 544 1972 tionem,
558 1900 636 1976 post
653 1889 775 1956 iustam
790 1889 963 1958 rebellium
983 1890 1245 1968 subuersionem,
1259 1912 1335 1958 curn
1354 1913 1415 1958 rex
1434 1895 1506 1979 ipse

363 2017 395 2071 1s
409 1997 559 2082 regisque
572 2015 723 2081 proceres
735 1993 808 2060 loca
819 2014 909 2062 noua
919 1993 1166 2078 perlustrarent,
1175 1995 1261 2062 lacta
1272 2004 1324 2063 est
1336 1996 1506 2079 inquisitio

408 2100 548 2186 diligens
569 2097 627 2183 qui
649 2097 771 2165 luerint
792 2099 850 2182 qui
872 2107 990 2165 contra
1012 2117 1123 2184 regem
1146 2099 1180 2164 in
1197 2098 1286 2166 bello
1308 2099 1505 2169 dimicantes

407 2203 595 2289 perfugam
609 2221 646 2268 se
661 2200 870 2269 saluauerint
910 2197 987 2267 Hiis
1001 2202 1164 2282 omnibus,
1179 2209 1213 2268 et
1231 2202 1312 2267 item
1328 2201 1505 2272 heredibus

408 2327 522 2372 eorum
546 2306 604 2390 qui
628 2305 662 2371 in
685 2304 774 2372 bello
800 2306 1035 2386 occubuerunt,
1048 2325 1126 2390 spes
1151 2305 1258 2372 omnis
1284 2315 1445 2373 terrarum
1470 2317 1504 2374 et

408 2408 584 2476 fundorum
599 2417 700 2493 atque
714 2409 905 2477 reddituum
922 2429 1009 2495 quos
1027 2418 1106 2476 ante
1124 2411 1341 2493 possederant
1355 2411 1504 2495 preclusa

364 2545 396 2584 πο
409 2523 480 2594 est;
502 2533 661 2598 magnum
684 2532 830 2599 namque
850 2513 1051 2597 reputabant
1071 2512 1135 2580 lrui
1156 2513 1226 2581 vite
1254 2513 1413 2582 beneficio
1441 2519 1505 2583 sub

407 2616 559 2683 inimicis.
588 2617 714 2682 Verum
730 2618 787 2702 qui
802 2617 912 2685 vocati
927 2618 971 2683 ad
985 2615 1110 2685 bellum
1120 2617 1262 2684 necdum
1275 2631 1507 2700 conuenerant,

372 2720 460 2790 cvel
474 2720 692 2787 familiaribus
706 2741 764 2786 seu
778 2721 983 2806 quibuslibet
998 2721 1188 2790 noeessariis
1197 2723 1349 2807 occupati
1363 2724 1505 2808 negotiis

407 2846 475 2891 non
500 2822 725 2909 interfuerant,
754 2845 830 2891 cum
860 2834 969 2893 tractu
999 2825 1158 2910 temporis
1182 2826 1313 2893 deuotis
1339 2827 1505 2912 obsequiis

406 2930 549 3016 gratiam
567 2927 778 2995 dominorum
793 2929 1027 3014 possedissent,
1042 2930 1113 2994 sine
1130 2949 1191 3012 spe
1205 2930 1428 3011 successionis,
1442 2931 1505 2998 sibi

362 3053 393 3106 ιε
407 3042 548 3113 tantum,
558 3053 619 3118 pro
628 3030 800 3098 voluntate
811 3042 925 3098 tamen
934 3033 1145 3100 dominorum
1155 3033 1326 3118 possidere
1335 3045 1504 3118 ceperunt.

407 3137 615 3204 Succedente
629 3157 706 3203 vero
721 3147 969 3220 temporc,cum
983 3136 1128 3204 dominis
1138 3137 1207 3204 suis
1221 3138 1328 3204 odiosi
1343 3138 1469 3223 passim
1483 3159 1505 3206 a

406 3241 668 3326 possessionibus
685 3240 898 3325 pellerentur,
913 3260 973 3308 nec
988 3249 1076 3308 esset
1095 3241 1153 3324 qui
1172 3240 1285 3307 ablata
1306 3241 1505 3319 restitueret,

408 3346 593 3411 communis
604 3344 831 3430 indigenarum
842 3345 886 3410 ad
897 3364 1008 3428 regern
1020 3343 1172 3428 peruenit
1183 3345 1401 3428 querimonia,
1412 3345 1506 3428 quasi

406 3449 454 3514 sic
474 3449 628 3516 omnibus
646 3449 742 3515 exosi
763 3458 797 3516 et
815 3448 914 3514 rebus
933 3446 1069 3532 spoliati
1089 3449 1132 3514 ad
1152 3447 1354 3530 alienigenas
1369 3449 1506 3515 trandre

362 3572 395 3624 so
407 3561 611 3637 cogerentur.
655 3551 910 3618 communicato
925 3553 1063 3620 taudem
1078 3571 1178 3637 super
1197 3550 1260 3618 hiis
1278 3551 1427 3632 consilio,
1446 3554 1504 3619 de-

407 3665 534 3721 cretum
561 3667 613 3722 est
637 3667 674 3720 vt
698 3655 833 3740 quod-a
860 3655 1005 3721 dominis
1030 3655 1108 3734 suis,
1134 3655 1345 3740 exigentibus
1371 3656 1507 3739 meritis,

407 3759 648 3825 interueniente
677 3759 831 3842 pactione
863 3758 1039 3845 legittima,
1066 3768 1221 3845 poteraut
1248 3758 1408 3842 optinere,
1441 3761 1506 3828 illis

406 3861 589 3930 inuiolabili
604 3861 675 3928 iure
689 3863 934 3930 concederetur.
978 3862 1134 3930 Ceterum
1149 3870 1263 3929 autem
1282 3862 1416 3929 nornine
1430 3885 1505 3930 suc·

407 3967 593 4035 cessionisa
606 3965 813 4052 temporibus
828 3966 966 4033 subacto
977 3967 1087 4051 gentis
1102 3965 1183 4032 nihil
1202 3965 1265 4032 sibi
1276 3967 1504 4035 vendicarant.

362 4088 394 4145 sn
408 4071 510 4157 Quod
535 4071 670 4156 quidem
700 4089 803 4154 quarn
827 4070 970 4138 discreta
1000 4068 1266 4138 consideratione
1290 4079 1426 4136 cautum
1452 4073 1506 4154 sit,

443 4249 625 4308 8colonisR
673 4248 1018 4376 rrneffiriaomw
986 4249 1329 4319 17itenrcancellaus'tN
1373 4252 1504 4309 18occu·

405 4319 557 4379 buerintC
623 4319 779 4392 24sibi]l
813 4321 851 4376 N
915 4332 950 4390 27
968 4317 1106 4378 essentR
1182 4331 1324 4393 31vtom.
1336 4322 1364 4379 R
1435 4338 1506 4395 3⁴²
