3360 5172
423 395 489 464 ιιι
792 379 858 446 nn
882 377 1155 449 scnccnruo
1388 381 1433 468 [ι
1451 386 1531 452 nn

423 575 489 640 que
508 551 629 620 catalla
652 553 752 620 vendi
771 551 915 620 debeant
934 561 969 620 et
992 574 1058 639 que
1077 575 1165 634 non;
1188 565 1223 622 et
1246 555 1326 620 item
1346 555 1382 620 in
1403 557 1530 641 qubus

422 679 634 746 personarum
657 657 809 724 discretio
830 659 975 724 tenenda
996 669 1047 724 est
1068 669 1102 724 et
1125 658 1158 722 in
1180 657 1301 743 quibus
1323 679 1415 736 non;
1443 670 1529 726 tunc

423 763 547 830 scilicet
561 782 639 828 cum
650 761 826 836 debitores,
837 761 894 845 qui
910 763 943 826 in
954 761 1148 846 pecuniariis
1164 763 1259 847 penis
1274 762 1342 848 regi
1356 773 1528 840 tenentur,

425 867 588 934 soluendo
603 887 669 932 non
683 864 814 932 suerint.
859 865 978 932 Restat
992 877 1028 930 vt
1043 867 1122 949 quid
1137 867 1180 932 de
1194 865 1316 932 oblatis
1329 869 1527 952 spontaneis

399 967 496 1034 sileri
511 971 640 1048 debeat,
655 991 731 1036 cum
747 969 827 1035 item
844 989 910 1034 non
925 967 1091 1048 soluerint,
1106 969 1329 1036 ostendamus

388 1113 414 1164 Α
469 1075 613 1140 Noueris
643 1073 741 1160 igitur
769 1075 860 1158 quod
888 1071 1076 1138 oblatorum
1102 1073 1182 1158 regi,
1207 1073 1351 1156 quedam
1377 1071 1411 1136 in
1442 1093 1525 1154 rem,

424 1179 569 1263 quedam
588 1179 621 1244 in
638 1197 742 1264 spem,
761 1173 951 1242 offeruntur.
996 1173 1036 1240 ln
1060 1195 1128 1240 rem
1151 1174 1288 1259 quidem
1309 1174 1420 1242 offerri
1439 1177 1525 1241 dici·

424 1303 507 1362 mus,
515 1303 591 1348 cum
602 1281 873 1364 oblatumarege
883 1279 1069 1364 suscipitur,
1077 1287 1112 1344 et
1122 1278 1264 1346 offerens
1272 1292 1523 1362 consequenter,

422 1405 485 1470 pro
510 1406 579 1472 quo
603 1384 738 1462 obtulit,
760 1404 781 1450 a
803 1401 879 1467 rege
909 1381 1054 1466 suscipit,
1076 1393 1113 1448 vt
1135 1383 1162 1446 si
1186 1382 1261 1466 quis
1284 1403 1345 1468 pro
1368 1383 1522 1450 libertate

379 1515 411 1554 ιο
423 1489 544 1574 aliqua,
559 1509 621 1574 pro
638 1489 741 1554 fundo
760 1485 812 1554 vel
832 1507 892 1573 pro
912 1485 1016 1562 firma,
1030 1486 1083 1552 vel
1103 1505 1165 1570 pro
1181 1487 1333 1580 custodia
1352 1487 1521 1573 cuiusque,

422 1595 480 1680 qui
500 1593 606 1660 minor
620 1601 671 1658 est
692 1593 799 1668 annis,
813 1611 917 1674 usque
930 1590 973 1656 ad
988 1609 1091 1656 annos
1104 1587 1269 1673 legitimos
1289 1589 1453 1671 habenda,
1468 1595 1522 1658 vel

421 1717 483 1782 pro
512 1697 629 1782 quouis
657 1697 724 1762 alio
749 1697 840 1780 quod
871 1695 914 1760 ad
943 1714 1037 1760 suam
1069 1691 1247 1758 vtilitatem
1276 1693 1330 1759 vel
1359 1695 1521 1763 honorem

421 1803 578 1868 accedere
606 1799 767 1876 videatur,
795 1806 915 1884 sponte
944 1797 1013 1883 regi
1050 1817 1078 1863 c.
1107 1796 1208 1862 libras
1236 1797 1290 1862 vel
1327 1817 1354 1864 c
1392 1820 1521 1864 marcas

421 1904 548 1984 offerat,
569 1913 613 1983 et,
628 1903 828 1968 assentiente
850 1922 936 1988 rege,
955 1901 1067 1966 statim
1089 1910 1166 1986 post
1187 1901 1338 1968 oblatum
1360 1905 1520 1987 suscipiat

379 2031 408 2084 ¹5
421 2017 585 2091 optatum.
630 2007 685 2072 De
710 2005 761 2072 bis
790 2005 898 2090 igitur,
919 2006 977 2090 qui
999 2013 1118 2089 sponte
1143 2025 1179 2070 se
1204 2004 1364 2088 obligant,
1391 2015 1426 2072 et
1451 2010 1520 2091 qui,

421 2111 641 2177 conuentione
656 2131 732 2175 cum
747 2111 896 2194 principe
910 2108 1007 2188 iacta,
1022 2108 1190 2192 possidere
1204 2109 1269 2172 iarn
1290 2109 1445 2193 ceperint,
1461 2111 1519 2174 lex

422 2223 533 2280 nostra
558 2214 705 2280 decernit
722 2223 768 2290 vt,
787 2213 947 2297 quamdiu
967 2211 1128 2278 soluendo
1146 2210 1277 2292 fuerint,
1297 2213 1435 2278 indultis
1453 2215 1518 2280 sibi

420 2316 586 2384 beneficiis
611 2316 780 2402 gaudeant
803 2326 838 2381 et
863 2324 1007 2382 vt'antur.
1052 2314 1154 2400 Quod
1175 2317 1203 2382 si
1225 2317 1268 2382 de
1290 2317 1375 2400 regis
1401 2317 1518 2384 debito

421 2419 613 2486 summoniti
633 2418 762 2486 soluere
783 2418 950 2499 desierint,
966 2419 1084 2506 statim
1107 2430 1242 2485 careant
1264 2419 1456 2505 impetratis,
1470 2423 1519 2488 sic

376 2555 409 2592 ιο
422 2533 534 2588 tamen
556 2533 593 2588 vt
613 2523 652 2603 si,
667 2531 821 2589 manente
842 2523 1016 2600 scaccario,
1034 2543 1133 2606 super
1153 2524 1272 2589 eodem
1292 2523 1517 2603 satisfecerint,

420 2627 533 2694 ablata
548 2627 660 2692 omnia
670 2627 740 2692 sine
755 2626 906 2693 molestia
921 2626 984 2692 sibi
998 2628 1224 2694 restituantur.
1269 2626 1316 2693 Et
1330 2638 1411 2693 nota
1425 2630 1516 2713 quod

420 2730 656 2817 qualiscunque
679 2749 829 2814 persona,
852 2730 1087 2814 cuiuscumque
1108 2730 1209 2796 etlam
1232 2731 1429 2797 conditionis
1458 2743 1518 2796 aut

419 2855 521 2900 sexus
538 2834 644 2913 luerit,
658 2833 733 2899 huic
754 2833 962 2899 observantie
980 2835 1023 2900 de
1037 2843 1155 2918 sponte
1175 2833 1295 2900 oblatis
1310 2855 1441 2919 semper
1455 2837 1518 2902 erit

420 2939 576 3016 obnoxia,
592 2947 629 3004 vt
650 2937 776 3003 scilicet
796 2937 1046 3003 summonitioni
1064 2936 1245 3003 satisfaciat
1266 2938 1318 3003 vel
1338 2938 1517 3022 impetrato

376 3075 407 3128 ιι
420 3053 538 3122 careat,
554 3041 615 3107 nisi
630 3063 690 3107 rex
710 3041 780 3125 ipse
795 3041 944 3126 obsequii
964 3041 1092 3126 prestiti
1106 3039 1160 3106 vel
1179 3043 1381 3126 paupertatis
1397 3044 1516 3110 intuitu

420 3147 545 3231 aliquid
574 3146 637 3210 sibi
663 3155 773 3229 preter
798 3164 1010 3210 communem
1037 3143 1145 3230 legem
1172 3144 1351 3230 indulgeat,
1372 3148 1464 3214 velut
1488 3149 1516 3214 si

419 3252 463 3317 de
478 3250 663 3316 oblatorum
675 3249 791 3334 grandi
806 3269 937 3314 summa
951 3249 994 3314 ad
1009 3248 1181 3332 quodlibet
1196 3251 1396 3316 scaccarium
1409 3253 1515 3318 modi·
1572 3285 1574 3290 v

420 3374 496 3418 curn
519 3353 599 3438 quid
620 3353 664 3418 ab
681 3355 754 3437 ipso
774 3353 859 3418 solui
878 3353 1060 3420 constituat
1076 3363 1112 3419 et
1128 3354 1193 3419 hoc
1216 3374 1275 3437 per
1296 3354 1397 3420 breue
1418 3375 1515 3422 suum

419 3456 599 3523 baronibus
613 3458 804 3522 innotescat.
989 3457 994 3466 '

374 3535 409 3637 ³ss
464 3559 505 3624 in
526 3578 619 3643 spem
639 3579 717 3624 vero
737 3559 892 3627 dicuntur
912 3557 1021 3625 offerri
1041 3579 1117 3625 cum
1137 3561 1221 3644 quis,
1239 3561 1426 3629 exhibende
1452 3565 1514 3630 sibi
1579 3577 1582 3586 ’

420 3662 543 3727 iustitie
557 3681 664 3742 causa,
678 3681 776 3746 super
795 3664 897 3730 iundo
912 3665 966 3730 vel
980 3663 1110 3730 redditu
1125 3663 1247 3748 aliquo,
1262 3667 1332 3748 regi
1349 3687 1513 3734 summam

419 3765 563 3848 aliquam
584 3763 705 3842 oflert3
726 3785 793 3830 non
815 3776 927 3833 tamen
949 3775 986 3832 vt
1008 3765 1075 3842 fiat,
1093 3787 1136 3833 ne
1154 3767 1188 3832 in
1211 3790 1271 3833 nos
1293 3772 1514 3838 excandescas

420 3876 456 3932 et
476 3865 626 3932 venalem
645 3887 745 3950 penes
766 3889 843 3934 eum
863 3870 1022 3936 iustitiam
1045 3871 1142 3952 dicat,
1159 3873 1264 3938 immo
1283 3883 1320 3939 vt
1339 3873 1410 3940 sine
1430 3875 1512 3941 dila-

419 3973 511 4037 tione
525 3969 595 4036 fiat.
639 3970 781 4037 Noueris
804 3983 917 4038 tamen
942 3994 1009 4038 non
1035 3995 1232 4059 quecunque
1254 3977 1301 4041 sic
1323 3976 1512 4060 offeruntur,

373 4094 440 4149 asa
475 4072 625 4159 principe
653 4075 781 4158 suscipi,
818 4076 948 4142 etiamsi
978 4078 1115 4143 modurn
1154 4079 1307 4145 videatur
1342 4083 1510 4149 excedere.

419 4177 531 4244 Gratis
551 4178 639 4244 enim
666 4179 864 4263 quibusdam
892 4179 1016 4248 iustitie
1033 4181 1274 4268 plenitudinem
1297 4184 1436 4252 exhibet
1453 4187 1511 4252 ob-

453 4351 469 4408 7
487 4339 640 4398 offeruntur
651 4341 779 4398 Madox:
798 4340 950 4398 offerentur
961 4343 997 4398 N
1001 4363 1008 4398 ι
1025 4359 1080 4399 om.
1090 4343 1120 4398 R
1204 4359 1236 4400 21
1256 4342 1363 4416 ablata]
1376 4345 1470 4402 oblate
1480 4347 1515 4404 N

416 4423 451 4480 27
468 4413 623 4470 oblatorum
634 4414 817 4485 smpn’mus:
836 4414 962 4473 oblatore
972 4414 1032 4472 NR
1084 4413 1209 4487 quolibet
1220 4417 1249 4472 R
