3360 5172
175 379 239 480 rvr·
257 374 298 468 c]
545 380 613 448 DE
636 379 910 451 SCACCARIO
1235 384 1276 467 85

176 559 230 617 est
245 551 345 636 igitur
356 550 407 616 vir
421 551 492 633 iste,
502 551 639 620 mutatis
650 554 747 620 rebus
759 554 934 639 prosperis,
944 555 1011 620 vite
1025 574 1085 622 sue
1096 555 1277 634 consulere,

176 663 211 719 et
234 655 312 721 licet
334 665 463 740 pateret
485 656 516 722 ei
538 677 615 722 cum
638 677 769 724 summo
791 657 917 724 honore
939 679 1090 725 accessus
1111 661 1154 725 ad
1177 681 1279 744 regna

177 757 453 841 plurima,tamen
464 759 652 844 frequenter
662 771 799 828 vocatus
810 763 854 828 ab
866 761 983 827 illustri
994 782 1071 847 rege
1085 759 1276 847 Ahglorurn

176 862 335 940 Henrico,
365 883 441 929 cum
461 863 552 929 sama
576 865 717 931 veritate
739 867 812 950 ipsa
831 866 939 932 minor
963 874 1023 943 est,
1049 866 1207 951 preelegit
1233 868 1276 932 ad

176 959 288 1027 natale
302 962 411 1028 solum
423 972 457 1029 et
471 965 710 1031 successorium
720 985 761 1032 ac
776 964 976 1050 singularem
991 965 1164 1030 dominum
1179 978 1305 1032 suumt

176 1061 345 1127 accedere.
389 1061 572 1148 Susceptus
591 1064 692 1150 igitur
706 1067 751 1132 ab
771 1065 844 1148 ipso
861 1064 946 1130 sicut
964 1072 1140 1149 utrumque
1154 1066 1277 1144 decuit,

176 1161 258 1246 quia
272 1163 363 1246 apud
378 1161 527 1229 Siculum
548 1165 677 1249 magnis
691 1164 887 1242 intenderat,
901 1163 955 1231 hic
972 1165 1074 1230 etiam
1093 1164 1137 1230 ad
1155 1165 1278 1248 mag'na

177 1267 357 1348 deputatur
370 1267 525 1332 scaccarii
539 1266 681 1352 negotia.
727 1266 784 1334 Sic
805 1267 907 1350 igitur
928 1276 962 1332 et
983 1265 1093 1332 locum
1114 1275 1150 1333 et
1171 1267 1313 1351 digni-F

176 1369 256 1436 tatis
268 1367 414 1435 officium
425 1370 568 1454 adeptus
583 1371 699 1449 estad
713 1370 862 1455 quelibet
873 1369 973 1436 etiam
987 1371 1142 1436 scaccarii
1157 1392 1278 1456 magna

176 1472 311 1556 negotia
328 1492 405 1536 cum
420 1474 550 1557 magnis
565 1473 751 1540 assumitur.
797 1472 854 1541 Sic
873 1473 976 1541 habes
993 1473 1141 1539 omnium
1159 1475 1217 1558 qui
1231 1475 1275 1540 ad
1293 1501 1323 1541 ro

177 1577 286 1643 maius
307 1578 507 1643 scaccarium
528 1599 574 1644 ex
588 1578 699 1644 officio
717 1577 863 1644 resident
884 1578 956 1643 iura
976 1570 1141 1643 distincta.
1188 1575 1277 1642 Con·

176 1699 317 1762 sequens
340 1688 453 1744 autem
479 1688 530 1746 est
554 1681 588 1745 ni
610 1680 705 1748 fallor
726 1690 763 1747 vt
788 1701 853 1765 que
874 1681 940 1746 sint
962 1700 1078 1746 eorum
1097 1680 1278 1764 dignitates

177 1781 306 1848 ratione
323 1783 477 1849 sessionis
492 1783 536 1849 ad
550 1785 749 1850 scaccarium
765 1802 1010 1868 prosequamur.

223 1884 420 1968 Discrjtulus.
466 1886 576 1953 Immo
604 1887 633 1952 si
668 1887 779 1971 placet
808 1889 851 1953 de
882 1887 991 1952 officio
1030 1886 1143 1952 militis
1175 1906 1276 1970 quem

177 1990 400 2073 argentarium
427 1989 517 2069 dicis,
541 2011 668 2058 necnon
693 2002 728 2058 et
753 1992 796 2057 de
821 1991 938 2056 fusoris
963 1991 1070 2058 officio
1099 1991 1277 2056 dicendum
1293 2017 1322 2072 ¹⁵

177 2102 240 2159 est.
284 2092 374 2177 Quia
395 2111 472 2161 cum
494 2095 558 2160 sibi
579 2095 756 2162 videantur
777 2115 913 2161 annexa
932 2103 968 2160 et
988 2094 1033 2160 ad
1056 2094 1162 2161 maius
1184 2115 1276 2162 scac-

178 2195 303 2262 carium
318 2197 518 2280 pertinentia
531 2196 703 2282 hucusque
717 2198 821 2265 dilata
836 2207 921 2264 sunt

221 2300 399 2382 Magister.
445 2300 555 2368 Cerno
579 2303 671 2386 quod
697 2311 731 2368 te
756 2302 995 2387 promissorum
1026 2301 1186 2367 memoria
1210 2320 1277 2366 non

179 2406 325 2490 preterit,
346 2426 391 2471 ex
412 2426 480 2489 quo
503 2425 580 2491 spes
605 2417 696 2474 certa
713 2407 899 2491 concipitur
918 2407 1009 2491 quod
1033 2414 1068 2471 te
1090 2405 1156 2470 iam
1181 2405 1278 2471 dictis

178 2529 244 2574 non
259 2508 426 2575 fraudabit
441 2509 576 2575 obliuio.
621 2508 809 2577 Credebam
824 2530 904 2576 sane
918 2499 962 2576 de
976 2509 1090 2575 officiis
1106 2509 1166 2574 tibi
1180 2509 1278 2574 fuisse
1293 2535 1325 2574 ro

179 2612 385 2680 satisfactum
408 2613 487 2698 quia
511 2614 555 2678 de
577 2613 797 2680 residentibus
822 2614 865 2679 ad
887 2613 1088 2680 scaccarium
1111 2613 1278 2678 neminem

178 2718 453 2802 pretermiseram.
495 2715 556 2783 Set
569 2717 615 2782 hii
631 2718 674 2783 de
691 2718 813 2803 quibus
827 2737 1069 2784 commemoras
1085 2726 1192 2782 certas
1211 2737 1279 2784 non

179 2820 306 2886 habent
323 2819 387 2885 sibi
407 2819 585 2904 deputatas
601 2822 704 2901 sedes,
720 2822 824 2888 immo
843 2841 904 2905 pro
923 2820 1063 2905 imperio
1080 2819 1278 2903 presidentis

179 2921 232 2988 vel
247 2921 442 2988 thesaurarii
458 2944 554 2990 suum
570 2923 707 3008 explent
721 2923 875 2990 officium

225 3027 328 3092 Porro
339 3027 433 3092 miles
447 3027 652 3111 argentarius
666 3027 711 3092 ab
724 3026 877 3093 inferiore
890 3026 1053 3092 scaccario
1067 3026 1112 3091 ad
1126 3025 1277 3109 superius
1292 3049 1322 3103 ις

178 3129 286 3197 desert
300 3130 448 3196 loculum
462 3130 677 3196 examinandi
692 3130 820 3217 argenti
834 3131 926 3197 cuius
940 3150 1041 3214 supra
1055 3129 1277 3196 meminimus.

182 3232 293 3319 Quem
305 3254 382 3299 cum
390 3233 535 3300 intulerit
546 3234 712 3319 signatum
722 3233 1048 3318 sigillovicecomitis,
1059 3231 1278 3297 subomnium
1390 3314 1393 3322 Ι

178 3337 283 3405 oculis
307 3335 454 3423 effundit,
470 3338 505 3402 in
527 3337 690 3403 scaccario
715 3337 808 3402 xliiii.
828 3335 962 3413 solidos,
983 3354 1069 3419 quos
1094 3335 1137 3400 de
1158 3352 1315 3405 acerqu

179 3451 333 3525 sumptos
347 3441 439 3524 prius
455 3442 656 3526 signauerat,
671 3438 824 3523 iactaque
841 3438 1082 3506 commixtione
1096 3438 1277 3504 eorundem

178 3554 217 3612 vt
242 3543 380 3631 ponderi
403 3544 639 3628 respondeant,
655 3543 758 3610 mittit
784 3543 818 3608 in
839 3562 942 3608 vnum
962 3541 1134 3608 vasculum
1154 3542 1279 3609 trutine
1291 3562 1325 3614 so

179 3647 298 3714 libram
319 3647 486 3733 ponderis,
507 3647 541 3711 in
563 3647 705 3713 alterum
730 3667 809 3713 vero
831 3647 873 3712 de
899 3645 1042 3712 denariis
1064 3644 1155 3728 quod
1181 3664 1279 3729 opor·

179 3753 289 3819 tuerit.
335 3751 414 3836 Quo
428 3752 516 3818 sacto
532 3760 684 3818 numerat
702 3752 836 3817 eosdem
853 3758 891 3815 vt
908 3771 953 3816 ex
974 3769 1113 3815 numero
1127 3759 1280 3816 constare

179 3856 286 3941 possit
300 3857 329 3921 si
344 3853 497 3940 legittimi
513 3853 667 3938 ponderis
679 3854 755 3920 sint.
792 3853 1023 3937 Cuiuscunque
1034 3873 1113 3918 vero
1124 3852 1280 3938 ponderis

180 3961 307 4025 inuenti
327 3959 448 4026 suerint
466 3977 617 4025 seorsum
638 3958 741 4025 mittit
761 3957 795 4022 ln
813 3956 949 4040 ciphum
964 3956 1082 4022 libram
1099 3975 1197 4021 vnam
1215 3954 1280 4022 hoc

180 4073 233 4128 est
246 4083 307 4128 xx.
321 4062 446 4128 solidos
462 4081 507 4128 ex
522 4060 644 4145 quibus
661 4078 804 4126 examen
826 4059 895 4138 fiat,
910 4058 1055 4142 reliquos
1071 4078 1150 4124 vero
1170 4057 1278 4122 xxiiii.
1292 4079 1324 4133 35

181 4162 307 4230 solidos
322 4163 424 4230 mittit
438 4163 474 4228 in
488 4163 645 4230 loculum.
689 4163 776 4229 Item
796 4163 865 4228 duo
884 4162 1009 4227 denarii
1029 4169 1141 4245 preter
1160 4159 1279 4225 libram

219 4331 411 4413 rpmprrnc
462 4295 647 4418 renerus
702 4332 1020 4406 spasmeam
1069 4327 1278 4403 9qutusetn:

184 4401 348 4474 quabbetR
421 4403 454 4462 16
466 4403 551 4476 Qum]
565 4403 662 4476 QurC
733 4417 766 4476 19
777 4401 818 4476 te]
832 4403 868 4459 de
883 4404 910 4460 C
