<?xml version="1.0" encoding="UTF-8"?>
<!DOCTYPE html PUBLIC "-//W3C//DTD XHTML 1.0 Transitional//EN"
    "http://www.w3.org/TR/xhtml1/DTD/xhtml1-transitional.dtd">
<html xmlns="http://www.w3.org/1999/xhtml" xml:lang="en" lang="en">
 <head>
  <title>
</title>
<meta http-equiv="Content-Type" content="text/html;charset=utf-8" />
  <meta name='ocr-system' content='tesseract 3.04.00' />
  <meta name='ocr-capabilities' content='ocr_page ocr_carea ocr_par ocr_line ocrx_word'/>
</head>
<body>
  <div class='ocr_page' id='page_1' title='image "./denecessariisob01fitzgoog_0169.png"; bbox 0 0 3360 5172; ppageno 0'>
   <div class='ocr_carea' id='block_1_1' title="bbox 192 388 1294 490">
    <p class='ocr_par' dir='ltr' id='par_1_1' title="bbox 192 388 1294 490">
     <span class='ocr_line' id='line_1_1' title="bbox 192 388 1294 490; baseline -0.004 -28"><span class='ocrx_word' id='word_1_1' title='bbox 192 407 222 462; x_wconf 89' lang='lat'>11</span> <span class='ocrx_word' id='word_1_2' title='bbox 238 395 321 462; x_wconf 80' lang='lat' dir='ltr'>xxvi</span> <span class='ocrx_word' id='word_1_3' title='bbox 336 389 376 483; x_wconf 86' lang='lat' dir='ltr'>s]</span> <span class='ocrx_word' id='word_1_4' title='bbox 542 391 621 490; x_wconf 71' lang='lat' dir='ltr'>JDE</span> <span class='ocrx_word' id='word_1_5' title='bbox 643 388 917 460; x_wconf 83' lang='lat' dir='ltr'><strong>SCACCARIO</strong></span> <span class='ocrx_word' id='word_1_6' title='bbox 1145 448 1147 451; x_wconf 90' lang='lat'>.</span> <span class='ocrx_word' id='word_1_7' title='bbox 1232 407 1294 476; x_wconf 88' lang='lat'>157</span> 
     </span>
    </p>
   </div>
   <div class='ocr_carea' id='block_1_2' title="bbox 192 559 1343 1690">
    <p class='ocr_par' dir='ltr' id='par_1_2' title="bbox 192 559 1343 1690">
     <span class='ocr_line' id='line_1_2' title="bbox 193 559 1295 652; baseline -0.001 -21"><span class='ocrx_word' id='word_1_8' title='bbox 193 567 290 652; x_wconf 89' lang='lat' dir='ltr'>regiis</span> <span class='ocrx_word' id='word_1_9' title='bbox 310 564 430 633; x_wconf 84' lang='lat' dir='ltr'>debitis</span> <span class='ocrx_word' id='word_1_10' title='bbox 449 561 720 628; x_wconf 85' lang='lat' dir='ltr'>summonitiones</span> <span class='ocrx_word' id='word_1_11' title='bbox 738 561 832 643; x_wconf 89' lang='lat' dir='ltr'>fiunt,</span> <span class='ocrx_word' id='word_1_12' title='bbox 847 562 943 627; x_wconf 89' lang='lat' dir='ltr'>adest</span> <span class='ocrx_word' id='word_1_13' title='bbox 962 559 1099 628; x_wconf 87' lang='lat' dir='ltr'>clericus</span> <span class='ocrx_word' id='word_1_14' title='bbox 1119 563 1232 648; x_wconf 85' lang='lat' dir='ltr'>regine</span> <span class='ocrx_word' id='word_1_15' title='bbox 1251 565 1295 630; x_wconf 88' lang='lat' dir='ltr'>ad</span> 
     </span>
     <span class='ocr_line' id='line_1_3' title="bbox 193 664 1296 745; baseline -0.001 -10"><span class='ocrx_word' id='word_1_16' title='bbox 193 671 256 736; x_wconf 89' lang='lat' dir='ltr'>bec</span> <span class='ocrx_word' id='word_1_17' title='bbox 276 669 476 736; x_wconf 78' lang='lat' dir='ltr'>comtitutus</span> <span class='ocrx_word' id='word_1_18' title='bbox 497 675 532 732; x_wconf 90' lang='lat' dir='ltr'>et</span> <span class='ocrx_word' id='word_1_19' title='bbox 554 664 648 731; x_wconf 88' lang='lat' dir='ltr'>addit</span> <span class='ocrx_word' id='word_1_20' title='bbox 670 666 704 730; x_wconf 92' lang='lat' dir='ltr'>in</span> <span class='ocrx_word' id='word_1_21' title='bbox 726 665 992 745; x_wconf 85' lang='lat' dir='ltr'>summonitione,</span> <span class='ocrx_word' id='word_1_22' title='bbox 1010 667 1072 732; x_wconf 86' lang='lat' dir='ltr'>‘de</span> <span class='ocrx_word' id='word_1_23' title='bbox 1093 666 1151 732; x_wconf 92' lang='lat' dir='ltr'>illo</span> <span class='ocrx_word' id='word_1_24' title='bbox 1172 668 1296 734; x_wconf 87' lang='lat' dir='ltr'>habeas</span> 
     </span>
     <span class='ocr_line' id='line_1_4' title="bbox 193 766 1295 854; baseline -0.002 -15"><span class='ocrx_word' id='word_1_25' title='bbox 193 783 327 840; x_wconf 86' lang='lat' dir='ltr'>centum</span> <span class='ocrx_word' id='word_1_26' title='bbox 353 791 482 838; x_wconf 88' lang='lat' dir='ltr'>marcas</span> <span class='ocrx_word' id='word_1_27' title='bbox 508 791 569 854; x_wconf 90' lang='lat' dir='ltr'>pro</span> <span class='ocrx_word' id='word_1_28' title='bbox 596 789 696 834; x_wconf 85' lang='lat' dir='ltr'>causa</span> <span class='ocrx_word' id='word_1_29' title='bbox 716 766 792 846; x_wconf 88' lang='lat' dir='ltr'>illa,’</span> <span class='ocrx_word' id='word_1_30' title='bbox 814 772 866 835; x_wconf 89' lang='lat' dir='ltr'>‘et</span> <span class='ocrx_word' id='word_1_31' title='bbox 888 770 932 834; x_wconf 86' lang='lat' dir='ltr'>ad</span> <span class='ocrx_word' id='word_1_32' title='bbox 954 789 1037 853; x_wconf 88' lang='lat' dir='ltr'>opus</span> <span class='ocrx_word' id='word_1_33' title='bbox 1060 771 1174 854; x_wconf 86' lang='lat' dir='ltr'>regine</span> <span class='ocrx_word' id='word_1_34' title='bbox 1194 792 1295 837; x_wconf 89' lang='lat' dir='ltr'>vnam</span> 
     </span>
     <span class='ocr_line' id='line_1_5' title="bbox 193 871 1296 958; baseline -0.002 -14"><span class='ocrx_word' id='word_1_35' title='bbox 193 896 340 944; x_wconf 85' lang='lat' dir='ltr'>marcam</span> <span class='ocrx_word' id='word_1_36' title='bbox 366 871 455 958; x_wconf 68' lang='lat' dir='ltr'>auri!</span> <span class='ocrx_word' id='word_1_37' title='bbox 501 873 710 939; x_wconf 82' lang='lat' dir='ltr'>Summonita</span> <span class='ocrx_word' id='word_1_38' title='bbox 731 881 845 939; x_wconf 88' lang='lat' dir='ltr'>autern</span> <span class='ocrx_word' id='word_1_39' title='bbox 870 874 915 938; x_wconf 90' lang='lat' dir='ltr'>ad</span> <span class='ocrx_word' id='word_1_40' title='bbox 938 873 1137 940; x_wconf 83' lang='lat' dir='ltr'>scaccarium</span> <span class='ocrx_word' id='word_1_41' title='bbox 1160 875 1203 940; x_wconf 93' lang='lat' dir='ltr'>ab</span> <span class='ocrx_word' id='word_1_42' title='bbox 1225 877 1296 943; x_wconf 91' lang='lat' dir='ltr'>eius</span> 
     </span>
     <span class='ocr_line' id='line_1_6' title="bbox 192 975 1324 1061; baseline -0.004 -13"><span class='ocrx_word' id='word_1_43' title='bbox 192 979 389 1048; x_wconf 87' lang='lat' dir='ltr'>officialibus</span> <span class='ocrx_word' id='word_1_44' title='bbox 411 978 455 1044; x_wconf 92' lang='lat' dir='ltr'>ad</span> <span class='ocrx_word' id='word_1_45' title='bbox 477 977 539 1045; x_wconf 89' lang='lat' dir='ltr'>hec</span> <span class='ocrx_word' id='word_1_46' title='bbox 565 977 753 1044; x_wconf 86' lang='lat' dir='ltr'>constitutis</span> <span class='ocrx_word' id='word_1_47' title='bbox 777 997 924 1043; x_wconf 84' lang='lat' dir='ltr'>seorsum</span> <span class='ocrx_word' id='word_1_48' title='bbox 950 975 1180 1061; x_wconf 88' lang='lat' dir='ltr'>suscipiuntur.</span> <span class='ocrx_word' id='word_1_49' title='bbox 1224 981 1324 1058; x_wconf 83' lang='lat' dir='ltr'>No-5</span> 
     </span>
     <span class='ocr_line' id='line_1_7' title="bbox 194 1081 1296 1167; baseline -0.001 -17"><span class='ocrx_word' id='word_1_50' title='bbox 194 1085 280 1150; x_wconf 88' lang='lat' dir='ltr'>ueris</span> <span class='ocrx_word' id='word_1_51' title='bbox 295 1086 397 1151; x_wconf 91' lang='lat' dir='ltr'>etiam</span> <span class='ocrx_word' id='word_1_52' title='bbox 412 1083 512 1167; x_wconf 91' lang='lat' dir='ltr'>quod,</span> <span class='ocrx_word' id='word_1_53' title='bbox 526 1082 605 1149; x_wconf 89' lang='lat' dir='ltr'>licet</span> <span class='ocrx_word' id='word_1_54' title='bbox 619 1101 680 1148; x_wconf 86' lang='lat' dir='ltr'>rex</span> <span class='ocrx_word' id='word_1_55' title='bbox 695 1083 739 1148; x_wconf 92' lang='lat' dir='ltr'>de</span> <span class='ocrx_word' id='word_1_56' title='bbox 753 1082 915 1167; x_wconf 85' lang='lat' dir='ltr'>promissa</span> <span class='ocrx_word' id='word_1_57' title='bbox 930 1081 993 1148; x_wconf 88' lang='lat' dir='ltr'>sibi</span> <span class='ocrx_word' id='word_1_58' title='bbox 1006 1101 1137 1148; x_wconf 84' lang='lat' dir='ltr'>summa</span> <span class='ocrx_word' id='word_1_59' title='bbox 1151 1084 1296 1149; x_wconf 86' lang='lat' dir='ltr'>mediam</span> 
     </span>
     <span class='ocr_line' id='line_1_8' title="bbox 193 1185 1296 1274; baseline 0 -21"><span class='ocrx_word' id='word_1_60' title='bbox 193 1199 325 1274; x_wconf 89' lang='lat' dir='ltr'>partem</span> <span class='ocrx_word' id='word_1_61' title='bbox 347 1187 508 1254; x_wconf 85' lang='lat' dir='ltr'>dimiserit</span> <span class='ocrx_word' id='word_1_62' title='bbox 527 1185 581 1252; x_wconf 86' lang='lat' dir='ltr'>vel</span> <span class='ocrx_word' id='word_1_63' title='bbox 598 1186 788 1253; x_wconf 83' lang='lat' dir='ltr'>uniuersum</span> <span class='ocrx_word' id='word_1_64' title='bbox 802 1185 856 1252; x_wconf 90' lang='lat' dir='ltr'>vel</span> <span class='ocrx_word' id='word_1_65' title='bbox 875 1187 976 1252; x_wconf 91' lang='lat' dir='ltr'>etiam</span> <span class='ocrx_word' id='word_1_66' title='bbox 998 1206 1207 1254; x_wconf 87' lang='lat' dir='ltr'>summouere</span> <span class='ocrx_word' id='word_1_67' title='bbox 1229 1187 1296 1253; x_wconf 89' lang='lat' dir='ltr'>dis-</span> 
     </span>
     <span class='ocr_line' id='line_1_9' title="bbox 193 1290 1296 1376; baseline -0.001 -18"><span class='ocrx_word' id='word_1_68' title='bbox 193 1293 313 1370; x_wconf 82' lang='lat' dir='ltr'>tulerit,</span> <span class='ocrx_word' id='word_1_69' title='bbox 334 1292 378 1357; x_wconf 93' lang='lat' dir='ltr'>de</span> <span class='ocrx_word' id='word_1_70' title='bbox 396 1291 449 1358; x_wconf 85' lang='lat' dir='ltr'>his</span> <span class='ocrx_word' id='word_1_71' title='bbox 470 1301 592 1368; x_wconf 86' lang='lat' dir='ltr'>tamen,</span> <span class='ocrx_word' id='word_1_72' title='bbox 607 1310 673 1374; x_wconf 91' lang='lat' dir='ltr'>que</span> <span class='ocrx_word' id='word_1_73' title='bbox 692 1292 737 1356; x_wconf 83' lang='lat' dir='ltr'>ad</span> <span class='ocrx_word' id='word_1_74' title='bbox 755 1290 903 1375; x_wconf 85' lang='lat' dir='ltr'>reginam</span> <span class='ocrx_word' id='word_1_75' title='bbox 925 1291 1100 1376; x_wconf 88' lang='lat' dir='ltr'>pertinent,</span> <span class='ocrx_word' id='word_1_76' title='bbox 1114 1293 1296 1358; x_wconf 83' lang='lat' dir='ltr'>secundum</span> 
     </span>
     <span class='ocr_line' id='line_1_10' title="bbox 193 1394 1296 1482; baseline 0.001 -21"><span class='ocrx_word' id='word_1_77' title='bbox 193 1399 284 1482; x_wconf 92' lang='lat' dir='ltr'>quod</span> <span class='ocrx_word' id='word_1_78' title='bbox 312 1397 375 1462; x_wconf 90' lang='lat' dir='ltr'>sibi</span> <span class='ocrx_word' id='word_1_79' title='bbox 404 1396 511 1462; x_wconf 90' lang='lat' dir='ltr'>visum</span> <span class='ocrx_word' id='word_1_80' title='bbox 540 1396 648 1473; x_wconf 78' lang='lat' dir='ltr'>suerit,</span> <span class='ocrx_word' id='word_1_81' title='bbox 677 1416 738 1480; x_wconf 88' lang='lat' dir='ltr'>per</span> <span class='ocrx_word' id='word_1_82' title='bbox 766 1395 879 1461; x_wconf 91' lang='lat' dir='ltr'>omnia</span> <span class='ocrx_word' id='word_1_83' title='bbox 908 1394 977 1475; x_wconf 86' lang='lat' dir='ltr'>fiet,</span> <span class='ocrx_word' id='word_1_84' title='bbox 1005 1404 1053 1472; x_wconf 86' lang='lat' dir='ltr'>vt,</span> <span class='ocrx_word' id='word_1_85' title='bbox 1083 1415 1123 1462; x_wconf 84' lang='lat' dir='ltr'>ea</span> <span class='ocrx_word' id='word_1_86' title='bbox 1153 1397 1296 1473; x_wconf 90' lang='lat' dir='ltr'>nolente,</span> 
     </span>
     <span class='ocr_line' id='line_1_11' title="bbox 192 1497 1343 1587; baseline -0.004 -21"><span class='ocrx_word' id='word_1_87' title='bbox 192 1522 304 1587; x_wconf 89' lang='lat' dir='ltr'>neque</span> <span class='ocrx_word' id='word_1_88' title='bbox 332 1500 544 1565; x_wconf 84' lang='lat' dir='ltr'>dimittantur</span> <span class='ocrx_word' id='word_1_89' title='bbox 574 1517 683 1582; x_wconf 87' lang='lat' dir='ltr'>neque</span> <span class='ocrx_word' id='word_1_90' title='bbox 712 1497 908 1564; x_wconf 85' lang='lat' dir='ltr'>differantur</span> <span class='ocrx_word' id='word_1_91' title='bbox 936 1499 1092 1582; x_wconf 88' lang='lat' dir='ltr'>quesibi</span> <span class='ocrx_word' id='word_1_92' title='bbox 1122 1500 1296 1580; x_wconf 86' lang='lat' dir='ltr'>debentur,</span> <span class='ocrx_word' id='word_1_93' title='bbox 1311 1523 1343 1562; x_wconf 88' lang='grc' dir='ltr'>ιο</span> 
     </span>
     <span class='ocr_line' id='line_1_12' title="bbox 193 1603 1297 1690; baseline -0.001 -19"><span class='ocrx_word' id='word_1_94' title='bbox 193 1617 245 1672; x_wconf 89' lang='lat' dir='ltr'>set</span> <span class='ocrx_word' id='word_1_95' title='bbox 266 1605 471 1672; x_wconf 88' lang='lat' dir='ltr'>summonita</span> <span class='ocrx_word' id='word_1_96' title='bbox 492 1605 664 1672; x_wconf 87' lang='lat' dir='ltr'>soluantur</span> <span class='ocrx_word' id='word_1_97' title='bbox 684 1612 720 1670; x_wconf 90' lang='lat' dir='ltr'>et</span> <span class='ocrx_word' id='word_1_98' title='bbox 741 1623 808 1670; x_wconf 89' lang='lat' dir='ltr'>non</span> <span class='ocrx_word' id='word_1_99' title='bbox 831 1603 1000 1672; x_wconf 86' lang='lat' dir='ltr'>soluentes</span> <span class='ocrx_word' id='word_1_100' title='bbox 1021 1603 1172 1690; x_wconf 88' lang='lat' dir='ltr'>predicto</span> <span class='ocrx_word' id='word_1_101' title='bbox 1194 1605 1297 1670; x_wconf 91' lang='lat' dir='ltr'>modo</span> 
     </span>
    </p>
   </div>
   <div class='ocr_carea' id='block_1_3' title="bbox 100 1697 437 1776">
    <p class='ocr_par' dir='ltr' id='par_1_3' title="bbox 100 1697 437 1776">
     <span class='ocr_line' id='line_1_13' title="bbox 100 1697 437 1776; baseline -0.012 0"><span class='ocrx_word' id='word_1_102' title='bbox 100 1697 104 1703; x_wconf 43' lang='lat'>⁵</span> <span class='ocrx_word' id='word_1_103' title='bbox 194 1708 437 1776; x_wconf 90' lang='lat' dir='ltr'>coherceantur.</span> 
     </span>
    </p>
   </div>
   <div class='ocr_carea' id='block_1_4' title="bbox 191 1809 1342 2518">
    <p class='ocr_par' dir='ltr' id='par_1_4' title="bbox 193 1809 1296 2001">
     <span class='ocr_line' id='line_1_14' title="bbox 236 1809 1296 1906; baseline 0.001 -30"><span class='ocrx_word' id='word_1_104' title='bbox 236 1811 432 1896; x_wconf 65' lang='lat' dir='ltr'>Disapulur.</span> <span class='ocrx_word' id='word_1_105' title='bbox 476 1809 649 1897; x_wconf 88' lang='lat' dir='ltr'>Numquid</span> <span class='ocrx_word' id='word_1_106' title='bbox 681 1811 723 1876; x_wconf 91' lang='lat' dir='ltr'>de</span> <span class='ocrx_word' id='word_1_107' title='bbox 752 1811 922 1906; x_wconf 76' lang='lat' dir='ltr'>promissis</span> <span class='ocrx_word' id='word_1_108' title='bbox 951 1810 1020 1896; x_wconf 91' lang='lat' dir='ltr'>regi</span> <span class='ocrx_word' id='word_1_109' title='bbox 1049 1810 1133 1878; x_wconf 82' lang='lat' dir='ltr'>citra</span> <span class='ocrx_word' id='word_1_110' title='bbox 1161 1822 1296 1877; x_wconf 89' lang='lat' dir='ltr'>centum</span> 
     </span>
     <span class='ocr_line' id='line_1_15' title="bbox 193 1915 767 2001; baseline -0.003 -18"><span class='ocrx_word' id='word_1_111' title='bbox 193 1937 323 1983; x_wconf 87' lang='lat' dir='ltr'>marcas</span> <span class='ocrx_word' id='word_1_112' title='bbox 337 1915 462 2000; x_wconf 88' lang='lat' dir='ltr'>aliquid</span> <span class='ocrx_word' id='word_1_113' title='bbox 479 1916 593 2001; x_wconf 85' lang='lat' dir='ltr'>regine</span> <span class='ocrx_word' id='word_1_114' title='bbox 606 1915 767 1982; x_wconf 79' lang='lat' dir='ltr'>debetur?</span> 
     </span>
    </p>

    <p class='ocr_par' dir='ltr' id='par_1_5' title="bbox 191 2016 1342 2518">
     <span class='ocr_line' id='line_1_16' title="bbox 235 2016 1342 2104; baseline 0.004 -20"><span class='ocrx_word' id='word_1_115' title='bbox 235 2019 411 2101; x_wconf 75' lang='lat' dir='ltr'>Magister.</span> <span class='ocrx_word' id='word_1_116' title='bbox 457 2016 668 2103; x_wconf 86' lang='lat' dir='ltr'>Quibusdam</span> <span class='ocrx_word' id='word_1_117' title='bbox 690 2019 738 2086; x_wconf 92' lang='lat' dir='ltr'>sic</span> <span class='ocrx_word' id='word_1_118' title='bbox 761 2019 902 2096; x_wconf 86' lang='lat' dir='ltr'>videtur,</span> <span class='ocrx_word' id='word_1_119' title='bbox 923 2026 961 2085; x_wconf 87' lang='lat' dir='ltr'>vt</span> <span class='ocrx_word' id='word_1_120' title='bbox 981 2038 1086 2104; x_wconf 85' lang='lat' dir='ltr'>vsque</span> <span class='ocrx_word' id='word_1_121' title='bbox 1110 2020 1155 2085; x_wconf 88' lang='lat' dir='ltr'>ad</span> <span class='ocrx_word' id='word_1_122' title='bbox 1179 2019 1295 2085; x_wconf 88' lang='lat' dir='ltr'>decem</span> <span class='ocrx_word' id='word_1_123' title='bbox 1311 2033 1342 2088; x_wconf 82' lang='lat'>1⁵</span> 
     </span>
     <span class='ocr_line' id='line_1_17' title="bbox 193 2121 1331 2208; baseline -0.001 -18"><span class='ocrx_word' id='word_1_124' title='bbox 193 2143 321 2190; x_wconf 85' lang='lat' dir='ltr'>marcas</span> <span class='ocrx_word' id='word_1_125' title='bbox 339 2131 500 2204; x_wconf 75' lang='lat' dir='ltr'>teneatur,</span> <span class='ocrx_word' id='word_1_126' title='bbox 513 2129 551 2188; x_wconf 92' lang='lat' dir='ltr'>vt</span> <span class='ocrx_word' id='word_1_127' title='bbox 572 2123 695 2190; x_wconf 85' lang='lat' dir='ltr'>scilicet</span> <span class='ocrx_word' id='word_1_128' title='bbox 713 2123 751 2204; x_wconf 87' lang='lat' dir='ltr'>is,</span> <span class='ocrx_word' id='word_1_129' title='bbox 764 2121 823 2206; x_wconf 89' lang='lat' dir='ltr'>qui</span> <span class='ocrx_word' id='word_1_130' title='bbox 837 2123 953 2189; x_wconf 87' lang='lat' dir='ltr'>decem</span> <span class='ocrx_word' id='word_1_131' title='bbox 971 2122 1040 2208; x_wconf 87' lang='lat' dir='ltr'>regi</span> <span class='ocrx_word' id='word_1_132' title='bbox 1054 2122 1249 2206; x_wconf 81' lang='lat' dir='ltr'>promiserit,</span> <span class='ocrx_word' id='word_1_133' title='bbox 1263 2123 1331 2189; x_wconf 76' lang='lat' dir='ltr'>ins</span> 
     </span>
     <span class='ocr_line' id='line_1_18' title="bbox 191 2224 1296 2312; baseline 0.001 -20"><span class='ocrx_word' id='word_1_134' title='bbox 191 2247 258 2292; x_wconf 85' lang='lat' dir='ltr'>vna</span> <span class='ocrx_word' id='word_1_135' title='bbox 271 2226 366 2292; x_wconf 86' lang='lat' dir='ltr'>vncia</span> <span class='ocrx_word' id='word_1_136' title='bbox 383 2224 454 2291; x_wconf 85' lang='lat' dir='ltr'>auri</span> <span class='ocrx_word' id='word_1_137' title='bbox 470 2226 584 2312; x_wconf 82' lang='lat' dir='ltr'>regine</span> <span class='ocrx_word' id='word_1_138' title='bbox 597 2235 767 2294; x_wconf 73' lang='lat' dir='ltr'>teneaturz</span> <span class='ocrx_word' id='word_1_139' title='bbox 788 2225 871 2303; x_wconf 87' lang='lat' dir='ltr'>aliis,</span> <span class='ocrx_word' id='word_1_140' title='bbox 886 2244 961 2306; x_wconf 90' lang='lat' dir='ltr'>non,</span> <span class='ocrx_word' id='word_1_141' title='bbox 976 2225 1039 2292; x_wconf 87' lang='lat' dir='ltr'>nisi</span> <span class='ocrx_word' id='word_1_142' title='bbox 1054 2225 1097 2293; x_wconf 90' lang='lat' dir='ltr'>de</span> <span class='ocrx_word' id='word_1_143' title='bbox 1113 2234 1247 2293; x_wconf 86' lang='lat' dir='ltr'>centum</span> <span class='ocrx_word' id='word_1_144' title='bbox 1261 2235 1296 2293; x_wconf 87' lang='lat' dir='ltr'>et</span> 
     </span>
     <span class='ocr_line' id='line_1_19' title="bbox 191 2329 1297 2416; baseline 0.002 -20"><span class='ocrx_word' id='word_1_145' title='bbox 191 2347 292 2416; x_wconf 89' lang='lat' dir='ltr'>supra</span> <span class='ocrx_word' id='word_1_146' title='bbox 315 2329 358 2395; x_wconf 88' lang='lat' dir='ltr'>ab</span> <span class='ocrx_word' id='word_1_147' title='bbox 381 2329 477 2395; x_wconf 90' lang='lat' dir='ltr'>initio</span> <span class='ocrx_word' id='word_1_148' title='bbox 500 2330 678 2413; x_wconf 86' lang='lat' dir='ltr'>promissis.</span> <span class='ocrx_word' id='word_1_149' title='bbox 723 2329 779 2396; x_wconf 89' lang='lat' dir='ltr'>De</span> <span class='ocrx_word' id='word_1_150' title='bbox 802 2329 855 2396; x_wconf 88' lang='lat' dir='ltr'>his</span> <span class='ocrx_word' id='word_1_151' title='bbox 877 2329 978 2414; x_wconf 90' lang='lat' dir='ltr'>igitur</span> <span class='ocrx_word' id='word_1_152' title='bbox 999 2329 1043 2395; x_wconf 91' lang='lat' dir='ltr'>ad</span> <span class='ocrx_word' id='word_1_153' title='bbox 1064 2349 1198 2416; x_wconf 83' lang='lat' dir='ltr'>presens</span> <span class='ocrx_word' id='word_1_154' title='bbox 1219 2351 1297 2398; x_wconf 91' lang='lat' dir='ltr'>cum</span> 
     </span>
     <span class='ocr_line' id='line_1_20' title="bbox 192 2432 1297 2518; baseline -0.001 -17"><span class='ocrx_word' id='word_1_155' title='bbox 192 2434 357 2501; x_wconf 89' lang='lat' dir='ltr'>modestia</span> <span class='ocrx_word' id='word_1_156' title='bbox 365 2433 500 2512; x_wconf 87' lang='lat' dir='ltr'>sustine,</span> <span class='ocrx_word' id='word_1_157' title='bbox 507 2433 801 2517; x_wconf 90' lang='lat' dir='ltr'>quia,renondum</span> <span class='ocrx_word' id='word_1_158' title='bbox 812 2432 996 2510; x_wconf 79' lang='lat' dir='ltr'>terminata.</span> <span class='ocrx_word' id='word_1_159' title='bbox 1006 2453 1167 2518; x_wconf 88' lang='lat' dir='ltr'>suspensa</span> <span class='ocrx_word' id='word_1_160' title='bbox 1176 2433 1297 2501; x_wconf 88' lang='lat' dir='ltr'>solutio</span> 
     </span>
    </p>
   </div>
   <div class='ocr_carea' id='block_1_5' title="bbox 191 2536 1475 2635">
    <p class='ocr_par' dir='ltr' id='par_1_6' title="bbox 191 2536 1475 2635">
     <span class='ocr_line' id='line_1_21' title="bbox 191 2536 1475 2635; baseline 0.002 -30"><span class='ocrx_word' id='word_1_161' title='bbox 191 2548 254 2605; x_wconf 77' lang='lat' dir='ltr'>eet.</span> <span class='ocrx_word' id='word_1_162' title='bbox 292 2536 420 2622; x_wconf 82' lang='lat' dir='ltr'>Litigat</span> <span class='ocrx_word' id='word_1_163' title='bbox 435 2555 515 2602; x_wconf 83' lang='lat' dir='ltr'>sane</span> <span class='ocrx_word' id='word_1_164' title='bbox 529 2536 722 2622; x_wconf 79' lang='lat' dir='ltr'>dehispars</span> <span class='ocrx_word' id='word_1_165' title='bbox 736 2537 848 2620; x_wconf 87' lang='lat' dir='ltr'>regine</span> <span class='ocrx_word' id='word_1_166' title='bbox 862 2556 940 2601; x_wconf 91' lang='lat' dir='ltr'>cum</span> <span class='ocrx_word' id='word_1_167' title='bbox 952 2537 1155 2604; x_wconf 88' lang='lat' dir='ltr'>debitoribus</span> <span class='ocrx_word' id='word_1_168' title='bbox 1170 2548 1204 2605; x_wconf 89' lang='lat' dir='ltr'>et</span> <span class='ocrx_word' id='word_1_169' title='bbox 1218 2540 1296 2606; x_wconf 84' lang='lat' dir='ltr'>‘ad·</span> <span class='ocrx_word' id='word_1_170' title='bbox 1309 2569 1342 2607; x_wconf 75' lang='lat' dir='ltr'>ro</span> <span class='ocrx_word' id='word_1_171' title='bbox 1469 2623 1475 2635; x_wconf 32' lang='grc' dir='ltr'><strong><em>ι</em></strong></span> 
     </span>
    </p>
   </div>
   <div class='ocr_carea' id='block_1_6' title="bbox 191 2636 1341 3451">
    <p class='ocr_par' dir='ltr' id='par_1_7' title="bbox 191 2636 1296 3019">
     <span class='ocr_line' id='line_1_22' title="bbox 192 2636 1295 2710; baseline 0.002 -4"><span class='ocrx_word' id='word_1_172' title='bbox 192 2641 258 2706; x_wconf 92' lang='lat' dir='ltr'>huc</span> <span class='ocrx_word' id='word_1_173' title='bbox 277 2640 340 2705; x_wconf 93' lang='lat' dir='ltr'>sub</span> <span class='ocrx_word' id='word_1_174' title='bbox 359 2641 467 2706; x_wconf 89' lang='lat' dir='ltr'>iudice</span> <span class='ocrx_word' id='word_1_175' title='bbox 487 2640 527 2706; x_wconf 89' lang='lat' dir='ltr'>lis</span> <span class='ocrx_word' id='word_1_176' title='bbox 548 2636 620 2709; x_wconf 67' lang='lat' dir='ltr'>est!</span> <span class='ocrx_word' id='word_1_177' title='bbox 666 2641 721 2707; x_wconf 90' lang='lat' dir='ltr'>De</span> <span class='ocrx_word' id='word_1_178' title='bbox 741 2640 964 2707; x_wconf 85' lang='lat' dir='ltr'>misericordia</span> <span class='ocrx_word' id='word_1_179' title='bbox 978 2648 1092 2707; x_wconf 84' lang='lat' dir='ltr'>autem</span> <span class='ocrx_word' id='word_1_180' title='bbox 1114 2642 1295 2710; x_wconf 85' lang='lat' dir='ltr'>Iudeorum</span> 
     </span>
     <span class='ocr_line' id='line_1_23' title="bbox 192 2744 1296 2831; baseline 0.005 -23"><span class='ocrx_word' id='word_1_181' title='bbox 192 2755 227 2811; x_wconf 91' lang='lat' dir='ltr'>et</span> <span class='ocrx_word' id='word_1_182' title='bbox 249 2746 292 2811; x_wconf 92' lang='lat' dir='ltr'>de</span> <span class='ocrx_word' id='word_1_183' title='bbox 317 2744 547 2828; x_wconf 89' lang='lat' dir='ltr'>redemptione</span> <span class='ocrx_word' id='word_1_184' title='bbox 569 2745 835 2824; x_wconf 88' lang='lat' dir='ltr'>monetariorum,</span> <span class='ocrx_word' id='word_1_185' title='bbox 854 2745 941 2812; x_wconf 83' lang='lat' dir='ltr'>sicut</span> <span class='ocrx_word' id='word_1_186' title='bbox 961 2745 1006 2812; x_wconf 91' lang='lat' dir='ltr'>de</span> <span class='ocrx_word' id='word_1_187' title='bbox 1030 2755 1151 2831; x_wconf 85' lang='lat' dir='ltr'>sponte</span> <span class='ocrx_word' id='word_1_188' title='bbox 1175 2746 1296 2814; x_wconf 89' lang='lat' dir='ltr'>oblatis</span> 
     </span>
     <span class='ocr_line' id='line_1_24' title="bbox 192 2848 1296 2934; baseline 0.002 -19"><span class='ocrx_word' id='word_1_189' title='bbox 192 2850 318 2916; x_wconf 91' lang='lat' dir='ltr'>dictum</span> <span class='ocrx_word' id='word_1_190' title='bbox 332 2857 392 2930; x_wconf 86' lang='lat' dir='ltr'>est,</span> <span class='ocrx_word' id='word_1_191' title='bbox 407 2868 468 2914; x_wconf 85' lang='lat' dir='ltr'>sua</span> <span class='ocrx_word' id='word_1_192' title='bbox 487 2848 599 2933; x_wconf 83' lang='lat' dir='ltr'>portio</span> <span class='ocrx_word' id='word_1_193' title='bbox 618 2849 801 2915; x_wconf 90' lang='lat' dir='ltr'>secundum</span> <span class='ocrx_word' id='word_1_194' title='bbox 821 2848 962 2914; x_wconf 80' lang='lat' dir='ltr'>sormam</span> <span class='ocrx_word' id='word_1_195' title='bbox 980 2849 1162 2932; x_wconf 88' lang='lat' dir='ltr'>predictam</span> <span class='ocrx_word' id='word_1_196' title='bbox 1183 2851 1296 2934; x_wconf 87' lang='lat' dir='ltr'>regine</span> 
     </span>
     <span class='ocr_line' id='line_1_25' title="bbox 191 2953 340 3019; baseline -0.027 0"><span class='ocrx_word' id='word_1_197' title='bbox 191 2953 340 3019; x_wconf 91' lang='lat' dir='ltr'>debetur.</span> 
     </span>
    </p>

    <p class='ocr_par' dir='ltr' id='par_1_8' title="bbox 192 3053 1341 3248">
     <span class='ocr_line' id='line_1_26' title="bbox 235 3053 1341 3145; baseline 0.003 -25"><span class='ocrx_word' id='word_1_198' title='bbox 235 3055 430 3140; x_wconf 57' lang='lat' dir='ltr'>Dtsctbulus.</span> <span class='ocrx_word' id='word_1_199' title='bbox 473 3055 648 3141; x_wconf 88' lang='lat' dir='ltr'>Numquid</span> <span class='ocrx_word' id='word_1_200' title='bbox 677 3055 711 3120; x_wconf 91' lang='lat' dir='ltr'>in</span> <span class='ocrx_word' id='word_1_201' title='bbox 735 3053 875 3140; x_wconf 81' lang='lat' dir='ltr'>(penis)</span> <span class='ocrx_word' id='word_1_202' title='bbox 901 3053 1097 3139; x_wconf 85' lang='lat' dir='ltr'>pecuniariis</span> <span class='ocrx_word' id='word_1_203' title='bbox 1120 3064 1156 3121; x_wconf 93' lang='lat' dir='ltr'>et</span> <span class='ocrx_word' id='word_1_204' title='bbox 1176 3067 1296 3141; x_wconf 87' lang='lat' dir='ltr'>sponte</span> <span class='ocrx_word' id='word_1_205' title='bbox 1310 3093 1341 3145; x_wconf 74' lang='lat'>²5</span> 
     </span>
     <span class='ocr_line' id='line_1_27' title="bbox 192 3157 1255 3248; baseline 0.001 -23"><span class='ocrx_word' id='word_1_206' title='bbox 192 3159 313 3226; x_wconf 85' lang='lat' dir='ltr'>oblatis</span> <span class='ocrx_word' id='word_1_207' title='bbox 327 3160 464 3227; x_wconf 89' lang='lat' dir='ltr'>clericos</span> <span class='ocrx_word' id='word_1_208' title='bbox 478 3169 512 3226; x_wconf 89' lang='lat' dir='ltr'>et</span> <span class='ocrx_word' id='word_1_209' title='bbox 527 3160 630 3227; x_wconf 86' lang='lat' dir='ltr'>laicos</span> <span class='ocrx_word' id='word_1_210' title='bbox 645 3159 715 3225; x_wconf 89' lang='lat' dir='ltr'>slne</span> <span class='ocrx_word' id='word_1_211' title='bbox 730 3157 914 3248; x_wconf 81' lang='lat' dir='ltr'>differentia</span> <span class='ocrx_word' id='word_1_212' title='bbox 928 3157 986 3223; x_wconf 86' lang='lat' dir='ltr'>lex</span> <span class='ocrx_word' id='word_1_213' title='bbox 999 3177 1066 3224; x_wconf 87' lang='lat' dir='ltr'>vna</span> <span class='ocrx_word' id='word_1_214' title='bbox 1079 3159 1255 3228; x_wconf 79' lang='lat' dir='ltr'>cohercet?</span> 
     </span>
    </p>

    <p class='ocr_par' dir='ltr' id='par_1_9' title="bbox 191 3263 1295 3451">
     <span class='ocr_line' id='line_1_28' title="bbox 234 3263 1295 3350; baseline 0.002 -19"><span class='ocrx_word' id='word_1_215' title='bbox 234 3265 411 3350; x_wconf 74' lang='lat' dir='ltr'>Magister.</span> <span class='ocrx_word' id='word_1_216' title='bbox 455 3265 496 3332; x_wconf 89' lang='lat' dir='ltr'>In</span> <span class='ocrx_word' id='word_1_217' title='bbox 511 3275 632 3350; x_wconf 83' lang='lat' dir='ltr'>sponte</span> <span class='ocrx_word' id='word_1_218' title='bbox 646 3265 768 3332; x_wconf 87' lang='lat' dir='ltr'>oblatis</span> <span class='ocrx_word' id='word_1_219' title='bbox 782 3263 875 3349; x_wconf 86' lang='lat' dir='ltr'>apud</span> <span class='ocrx_word' id='word_1_220' title='bbox 893 3283 1011 3330; x_wconf 87' lang='lat' dir='ltr'>omnes</span> <span class='ocrx_word' id='word_1_221' title='bbox 1030 3265 1088 3330; x_wconf 81' lang='lat' dir='ltr'>lex</span> <span class='ocrx_word' id='word_1_222' title='bbox 1101 3285 1168 3332; x_wconf 86' lang='lat' dir='ltr'>vna</span> <span class='ocrx_word' id='word_1_223' title='bbox 1184 3285 1295 3333; x_wconf 83' lang='lat' dir='ltr'>serua·</span> 
     </span>
     <span class='ocr_line' id='line_1_29' title="bbox 191 3367 1295 3451; baseline 0.001 -17"><span class='ocrx_word' id='word_1_224' title='bbox 191 3378 246 3434; x_wconf 88' lang='lat' dir='ltr'>tur</span> <span class='ocrx_word' id='word_1_225' title='bbox 259 3377 306 3449; x_wconf 89' lang='lat' dir='ltr'>vt,</span> <span class='ocrx_word' id='word_1_226' title='bbox 320 3368 392 3436; x_wconf 89' lang='lat' dir='ltr'>siue</span> <span class='ocrx_word' id='word_1_227' title='bbox 409 3367 547 3435; x_wconf 84' lang='lat' dir='ltr'>clericus</span> <span class='ocrx_word' id='word_1_228' title='bbox 564 3370 608 3435; x_wconf 91' lang='lat' dir='ltr'>sit</span> <span class='ocrx_word' id='word_1_229' title='bbox 627 3369 699 3435; x_wconf 90' lang='lat' dir='ltr'>siue</span> <span class='ocrx_word' id='word_1_230' title='bbox 717 3368 829 3449; x_wconf 87' lang='lat' dir='ltr'>laicus,</span> <span class='ocrx_word' id='word_1_231' title='bbox 843 3367 901 3451; x_wconf 88' lang='lat' dir='ltr'>qui</span> <span class='ocrx_word' id='word_1_232' title='bbox 917 3367 1078 3434; x_wconf 89' lang='lat' dir='ltr'>soluendo</span> <span class='ocrx_word' id='word_1_233' title='bbox 1090 3387 1165 3435; x_wconf 85' lang='lat' dir='ltr'>non</span> <span class='ocrx_word' id='word_1_234' title='bbox 1186 3367 1295 3451; x_wconf 84' lang='lat' dir='ltr'>luerit,</span> 
     </span>
    </p>
   </div>
   <div class='ocr_carea' id='block_1_7' title="bbox 80 3470 1294 3557">
    <p class='ocr_par' dir='ltr' id='par_1_10' title="bbox 80 3470 1294 3557">
     <span class='ocr_line' id='line_1_30' title="bbox 80 3470 1294 3557; baseline 0.001 -19"><span class='ocrx_word' id='word_1_235' title='bbox 80 3477 84 3486; x_wconf 91' lang='lat'>&#39;</span> <span class='ocrx_word' id='word_1_236' title='bbox 191 3472 297 3540; x_wconf 91' lang='lat' dir='ltr'>donec</span> <span class='ocrx_word' id='word_1_237' title='bbox 311 3473 509 3541; x_wconf 85' lang='lat' dir='ltr'>satisfecerit</span> <span class='ocrx_word' id='word_1_238' title='bbox 521 3481 633 3541; x_wconf 87' lang='lat' dir='ltr'>careat</span> <span class='ocrx_word' id='word_1_239' title='bbox 648 3474 835 3557; x_wconf 88' lang='lat' dir='ltr'>impetrato.</span> <span class='ocrx_word' id='word_1_240' title='bbox 872 3470 1188 3538; x_wconf 86' lang='lat' dir='ltr'>Obseruaturetiam</span> <span class='ocrx_word' id='word_1_241' title='bbox 1203 3472 1294 3540; x_wconf 88' lang='lat' dir='ltr'>idem</span> 
     </span>
    </p>
   </div>
   <div class='ocr_carea' id='block_1_8' title="bbox 127 3575 1341 3661">
    <p class='ocr_par' dir='ltr' id='par_1_11' title="bbox 127 3575 1341 3661">
     <span class='ocr_line' id='line_1_31' title="bbox 127 3575 1341 3661; baseline 0.002 -21"><span class='ocrx_word' id='word_1_242' title='bbox 127 3647 130 3654; x_wconf 55' lang='grc'><strong>,</strong></span> <span class='ocrx_word' id='word_1_243' title='bbox 190 3576 224 3640; x_wconf 94' lang='lat' dir='ltr'>in</span> <span class='ocrx_word' id='word_1_244' title='bbox 244 3578 398 3643; x_wconf 88' lang='lat' dir='ltr'>omnibus</span> <span class='ocrx_word' id='word_1_245' title='bbox 419 3577 492 3642; x_wconf 88' lang='lat' dir='ltr'>aliis</span> <span class='ocrx_word' id='word_1_246' title='bbox 514 3597 580 3661; x_wconf 89' lang='lat' dir='ltr'>que</span> <span class='ocrx_word' id='word_1_247' title='bbox 602 3578 722 3661; x_wconf 87' lang='lat' dir='ltr'>quouis</span> <span class='ocrx_word' id='word_1_248' title='bbox 741 3584 841 3659; x_wconf 90' lang='lat' dir='ltr'>pacto</span> <span class='ocrx_word' id='word_1_249' title='bbox 859 3575 930 3660; x_wconf 89' lang='lat' dir='ltr'>regi</span> <span class='ocrx_word' id='word_1_250' title='bbox 947 3576 1108 3642; x_wconf 88' lang='lat' dir='ltr'>debentur</span> <span class='ocrx_word' id='word_1_251' title='bbox 1122 3595 1143 3642; x_wconf 90' lang='lat' dir='ltr'>a</span> <span class='ocrx_word' id='word_1_252' title='bbox 1157 3575 1294 3658; x_wconf 83' lang='lat' dir='ltr'>clericis,</span> <span class='ocrx_word' id='word_1_253' title='bbox 1308 3603 1341 3655; x_wconf 76' lang='lat'>30</span> 
     </span>
    </p>
   </div>
   <div class='ocr_carea' id='block_1_9' title="bbox 81 3669 1294 3764">
    <p class='ocr_par' dir='ltr' id='par_1_12' title="bbox 81 3669 1294 3764">
     <span class='ocr_line' id='line_1_32' title="bbox 81 3669 1294 3764; baseline 0.002 -20"><span class='ocrx_word' id='word_1_254' title='bbox 81 3669 85 3677; x_wconf 63' lang='grc'><em>’</em></span> <span class='ocrx_word' id='word_1_255' title='bbox 191 3699 268 3745; x_wconf 86' lang='lat' dir='ltr'>cum</span> <span class='ocrx_word' id='word_1_256' title='bbox 283 3680 408 3747; x_wconf 89' lang='lat' dir='ltr'>scilicet</span> <span class='ocrx_word' id='word_1_257' title='bbox 423 3701 484 3745; x_wconf 91' lang='lat' dir='ltr'>sue</span> <span class='ocrx_word' id='word_1_258' title='bbox 498 3679 669 3764; x_wconf 84' lang='lat' dir='ltr'>dignitatis</span> <span class='ocrx_word' id='word_1_259' title='bbox 683 3689 717 3746; x_wconf 92' lang='lat' dir='ltr'>et</span> <span class='ocrx_word' id='word_1_260' title='bbox 732 3677 834 3746; x_wconf 91' lang='lat' dir='ltr'>libere</span> <span class='ocrx_word' id='word_1_261' title='bbox 849 3679 1063 3764; x_wconf 86' lang='lat' dir='ltr'>possessionis</span> <span class='ocrx_word' id='word_1_262' title='bbox 1084 3679 1294 3764; x_wconf 88' lang='lat' dir='ltr'>priuilegium</span> 
     </span>
    </p>
   </div>
   <div class='ocr_carea' id='block_1_10' title="bbox 190 3781 1339 4264">
    <p class='ocr_par' dir='ltr' id='par_1_13' title="bbox 190 3781 1339 4264">
     <span class='ocr_line' id='line_1_33' title="bbox 190 3781 1295 3869; baseline 0.002 -21"><span class='ocrx_word' id='word_1_263' title='bbox 190 3783 334 3867; x_wconf 84' lang='lat' dir='ltr'>allegare</span> <span class='ocrx_word' id='word_1_264' title='bbox 362 3784 577 3869; x_wconf 80' lang='lat' dir='ltr'>neglexerint.</span> <span class='ocrx_word' id='word_1_265' title='bbox 633 3785 688 3851; x_wconf 91' lang='lat' dir='ltr'>De</span> <span class='ocrx_word' id='word_1_266' title='bbox 716 3783 939 3868; x_wconf 87' lang='lat' dir='ltr'>allegantibus</span> <span class='ocrx_word' id='word_1_267' title='bbox 971 3781 1084 3848; x_wconf 84' lang='lat' dir='ltr'>aut&#39;em</span> <span class='ocrx_word' id='word_1_268' title='bbox 1112 3783 1193 3869; x_wconf 91' lang='lat' dir='ltr'>quid</span> <span class='ocrx_word' id='word_1_269' title='bbox 1222 3783 1295 3850; x_wconf 83' lang='lat' dir='ltr'>fieri</span> 
     </span>
     <span class='ocr_line' id='line_1_34' title="bbox 191 3886 1296 3972; baseline 0.002 -20"><span class='ocrx_word' id='word_1_270' title='bbox 191 3887 323 3965; x_wconf 88' lang='lat' dir='ltr'>debeat,</span> <span class='ocrx_word' id='word_1_271' title='bbox 350 3907 372 3952; x_wconf 86' lang='lat' dir='ltr'>a</span> <span class='ocrx_word' id='word_1_272' title='bbox 395 3887 543 3954; x_wconf 87' lang='lat' dir='ltr'>discretis</span> <span class='ocrx_word' id='word_1_273' title='bbox 573 3897 608 3954; x_wconf 87' lang='lat' dir='ltr'>et</span> <span class='ocrx_word' id='word_1_274' title='bbox 636 3891 737 3956; x_wconf 91' lang='lat' dir='ltr'>deum</span> <span class='ocrx_word' id='word_1_275' title='bbox 762 3888 957 3955; x_wconf 88' lang='lat' dir='ltr'>timentibus</span> <span class='ocrx_word' id='word_1_276' title='bbox 985 3886 1088 3966; x_wconf 87' lang='lat' dir='ltr'>laicis,</span> <span class='ocrx_word' id='word_1_277' title='bbox 1115 3887 1145 3951; x_wconf 88' lang='lat' dir='ltr'>si</span> <span class='ocrx_word' id='word_1_278' title='bbox 1173 3887 1296 3972; x_wconf 85' lang='lat' dir='ltr'>placet,</span> 
     </span>
     <span class='ocr_line' id='line_1_35' title="bbox 191 3989 1295 4077; baseline 0.004 -23"><span class='ocrx_word' id='word_1_279' title='bbox 191 3989 320 4056; x_wconf 89' lang='lat' dir='ltr'>rescito.</span> <span class='ocrx_word' id='word_1_280' title='bbox 365 3991 430 4056; x_wconf 87' lang='lat' dir='ltr'>His</span> <span class='ocrx_word' id='word_1_281' title='bbox 452 3993 541 4057; x_wconf 91' lang='lat' dir='ltr'>enim</span> <span class='ocrx_word' id='word_1_282' title='bbox 563 3992 608 4058; x_wconf 88' lang='lat' dir='ltr'>ad</span> <span class='ocrx_word' id='word_1_283' title='bbox 628 4011 764 4077; x_wconf 84' lang='lat' dir='ltr'>presens</span> <span class='ocrx_word' id='word_1_284' title='bbox 785 4011 831 4057; x_wconf 85' lang='lat' dir='ltr'>ex</span> <span class='ocrx_word' id='word_1_285' title='bbox 854 3991 1016 4060; x_wconf 78' lang='lat' dir='ltr'>industria</span> <span class='ocrx_word' id='word_1_286' title='bbox 1034 3992 1232 4077; x_wconf 86' lang='lat' dir='ltr'>supersedeo</span> <span class='ocrx_word' id='word_1_287' title='bbox 1251 4011 1295 4058; x_wconf 91' lang='lat' dir='ltr'>ne</span> 
     </span>
     <span class='ocr_line' id='line_1_36' title="bbox 191 4086 1339 4181; baseline 0.003 -23"><span class='ocrx_word' id='word_1_288' title='bbox 191 4093 283 4159; x_wconf 88' lang='lat' dir='ltr'>dicar</span> <span class='ocrx_word' id='word_1_289' title='bbox 302 4113 375 4160; x_wconf 91' lang='lat' dir='ltr'>mee</span> <span class='ocrx_word' id='word_1_290' title='bbox 394 4086 594 4161; x_wconf 85' lang='lat' dir='ltr'>conditionis</span> <span class='ocrx_word' id='word_1_291' title='bbox 612 4094 803 4162; x_wconf 90' lang='lat' dir='ltr'>homiuibus</span> <span class='ocrx_word' id='word_1_292' title='bbox 816 4093 985 4162; x_wconf 88' lang='lat' dir='ltr'>vltroneas</span> <span class='ocrx_word' id='word_1_293' title='bbox 1003 4095 1096 4181; x_wconf 89' lang='lat' dir='ltr'>leges</span> <span class='ocrx_word' id='word_1_294' title='bbox 1113 4104 1148 4161; x_wconf 90' lang='lat' dir='ltr'>et</span> <span class='ocrx_word' id='word_1_295' title='bbox 1161 4094 1294 4162; x_wconf 88' lang='lat' dir='ltr'>mitiora</span> <span class='ocrx_word' id='word_1_296' title='bbox 1307 4119 1339 4172; x_wconf 71' lang='lat'>35</span> 
     </span>
     <span class='ocr_line' id='line_1_37' title="bbox 191 4195 429 4264; baseline 0.017 -4"><span class='ocrx_word' id='word_1_297' title='bbox 191 4196 264 4261; x_wconf 88' lang='lat' dir='ltr'>iura</span> <span class='ocrx_word' id='word_1_298' title='bbox 277 4195 429 4264; x_wconf 80' lang='lat' dir='ltr'>dictasse</span> 
     </span>
    </p>
   </div>
   <div class='ocr_carea' id='block_1_11' title="bbox 189 4347 1290 4527">
    <p class='ocr_par' dir='ltr' id='par_1_14' title="bbox 189 4347 1290 4527">
     <span class='ocr_line' id='line_1_38' title="bbox 230 4347 1290 4466; baseline 0.003 -29"><span class='ocrx_word' id='word_1_299' title='bbox 230 4381 357 4452; x_wconf 79' lang='lat' dir='ltr'>5boeR</span> <span class='ocrx_word' id='word_1_300' title='bbox 420 4347 850 4466; x_wconf 77' lang='lat' dir='ltr'>toque...debenturom.R</span> <span class='ocrx_word' id='word_1_301' title='bbox 904 4395 937 4453; x_wconf 85' lang='lat'>13</span> <span class='ocrx_word' id='word_1_302' title='bbox 1035 4381 1147 4440; x_wconf 71' lang='lat' dir='ltr'>‘sisa&#39;</span> <span class='ocrx_word' id='word_1_303' title='bbox 1206 4381 1290 4458; x_wconf 73' lang='lat' dir='ltr'>ibin]</span> 
     </span>
     <span class='ocr_line' id='line_1_39' title="bbox 189 4454 1170 4527; baseline 0 -17"><span class='ocrx_word' id='word_1_304' title='bbox 189 4455 268 4510; x_wconf 84' lang='lat' dir='ltr'>mR</span> <span class='ocrx_word' id='word_1_305' title='bbox 374 4455 676 4527; x_wconf 69' lang='lat' dir='ltr'>aspemsaddr&#39;dr&#39;mus</span> <span class='ocrx_word' id='word_1_306' title='bbox 746 4454 963 4527; x_wconf 65' lang='lat' dir='ltr'>acque...de</span> <span class='ocrx_word' id='word_1_307' title='bbox 1019 4454 1170 4511; x_wconf 64' lang='lat' dir='ltr'>turam</span> 
     </span>
    </p>
   </div>
   <div class='ocr_carea' id='block_1_12' title="bbox 0 0 1684 5172">
    <p class='ocr_par' dir='ltr' id='par_1_15' title="bbox 0 0 1684 5172">
     <span class='ocr_line' id='line_1_40' title="bbox 0 0 1684 5172; baseline 0 0"><span class='ocrx_word' id='word_1_308' title='bbox 0 0 1684 5172; x_wconf 95' lang='lat' dir='ltr'> </span> 
     </span>
    </p>
   </div>
  </div>
 </body>
</html>
