<?xml version="1.0" encoding="UTF-8"?>
<!DOCTYPE html PUBLIC "-//W3C//DTD XHTML 1.0 Transitional//EN"
    "http://www.w3.org/TR/xhtml1/DTD/xhtml1-transitional.dtd">
<html xmlns="http://www.w3.org/1999/xhtml" xml:lang="en" lang="en">
 <head>
  <title>
</title>
<meta http-equiv="Content-Type" content="text/html;charset=utf-8" />
  <meta name='ocr-system' content='tesseract 3.04.00' />
  <meta name='ocr-capabilities' content='ocr_page ocr_carea ocr_par ocr_line ocrx_word'/>
</head>
<body>
  <div class='ocr_page' id='page_1' title='image "./denecessariisob01fitzgoog_0117.png"; bbox 0 0 3360 5172; ppageno 0'>
   <div class='ocr_carea' id='block_1_1' title="bbox 200 311 1296 406">
    <p class='ocr_par' dir='ltr' id='par_1_1' title="bbox 200 311 1296 406">
     <span class='ocr_line' id='line_1_1' title="bbox 200 311 1296 406; baseline 0 -22"><span class='ocrx_word' id='word_1_1' title='bbox 200 311 294 406; x_wconf 76' lang='lat' dir='ltr'><strong>lxii]</strong></span> <span class='ocrx_word' id='word_1_2' title='bbox 563 317 631 384; x_wconf 90' lang='lat' dir='ltr'><strong>DE</strong></span> <span class='ocrx_word' id='word_1_3' title='bbox 655 315 931 386; x_wconf 83' lang='lat' dir='ltr'>SCACCARIO</span> <span class='ocrx_word' id='word_1_4' title='bbox 1231 333 1296 406; x_wconf 89' lang='lat'><strong>105</strong></span> 
     </span>
    </p>
   </div>
   <div class='ocr_carea' id='block_1_2' title="bbox 200 487 1378 4105">
    <p class='ocr_par' dir='ltr' id='par_1_2' title="bbox 200 487 1298 871">
     <span class='ocr_line' id='line_1_2' title="bbox 201 487 1298 577; baseline -0.001 -20"><span class='ocrx_word' id='word_1_5' title='bbox 201 500 252 557; x_wconf 91' lang='lat' dir='ltr'><strong>est</strong></span> <span class='ocrx_word' id='word_1_6' title='bbox 272 509 425 571; x_wconf 88' lang='lat' dir='ltr'><strong>summa;</strong></span> <span class='ocrx_word' id='word_1_7' title='bbox 448 508 621 555; x_wconf 84' lang='lat' dir='ltr'><strong>reseruans</strong></span> <span class='ocrx_word' id='word_1_8' title='bbox 640 499 753 556; x_wconf 86' lang='lat' dir='ltr'><strong>autem</strong></span> <span class='ocrx_word' id='word_1_9' title='bbox 775 507 841 573; x_wconf 89' lang='lat' dir='ltr'><strong>que</strong></span> <span class='ocrx_word' id='word_1_10' title='bbox 860 491 903 556; x_wconf 90' lang='lat' dir='ltr'><strong>de</strong></span> <span class='ocrx_word' id='word_1_11' title='bbox 924 487 1072 556; x_wconf 90' lang='lat' dir='ltr'><strong>dominio</strong></span> <span class='ocrx_word' id='word_1_12' title='bbox 1093 511 1156 558; x_wconf 87' lang='lat' dir='ltr'><strong>suo</strong></span> <span class='ocrx_word' id='word_1_13' title='bbox 1178 511 1298 577; x_wconf 90' lang='lat' dir='ltr'><strong>proue-</strong></span> 
     </span>
     <span class='ocr_line' id='line_1_3' title="bbox 201 592 1298 678; baseline 0.002 -19"><span class='ocrx_word' id='word_1_14' title='bbox 201 603 327 673; x_wconf 89' lang='lat' dir='ltr'><strong>nerant,</strong></span> <span class='ocrx_word' id='word_1_15' title='bbox 348 593 537 678; x_wconf 82' lang='lat' dir='ltr'><strong>ascriptitiis</strong></span> <span class='ocrx_word' id='word_1_16' title='bbox 560 592 638 670; x_wconf 88' lang='lat' dir='ltr'><strong>eius,</strong></span> <span class='ocrx_word' id='word_1_17' title='bbox 652 594 744 678; x_wconf 90' lang='lat' dir='ltr'><strong>quod</strong></span> <span class='ocrx_word' id='word_1_18' title='bbox 766 594 810 659; x_wconf 89' lang='lat' dir='ltr'><strong>de</strong></span> <span class='ocrx_word' id='word_1_19' title='bbox 831 593 981 678; x_wconf 79' lang='lat' dir='ltr'><strong>quolibet</strong></span> <span class='ocrx_word' id='word_1_20' title='bbox 1003 604 1160 662; x_wconf 88' lang='lat' dir='ltr'><strong>exactum</strong></span> <span class='ocrx_word' id='word_1_21' title='bbox 1181 597 1298 676; x_wconf 87' lang='lat' dir='ltr'><strong>luerat,</strong></span> 
     </span>
     <span class='ocr_line' id='line_1_4' title="bbox 200 695 1298 785; baseline -0.002 -20"><span class='ocrx_word' id='word_1_22' title='bbox 200 718 278 765; x_wconf 91' lang='lat' dir='ltr'><strong>cum</strong></span> <span class='ocrx_word' id='word_1_23' title='bbox 299 697 489 782; x_wconf 84' lang='lat' dir='ltr'><strong>integritate</strong></span> <span class='ocrx_word' id='word_1_24' title='bbox 509 696 645 777; x_wconf 86' lang='lat' dir='ltr'><strong>restitui,</strong></span> <span class='ocrx_word' id='word_1_25' title='bbox 659 706 697 764; x_wconf 89' lang='lat' dir='ltr'><strong>vt</strong></span> <span class='ocrx_word' id='word_1_26' title='bbox 718 695 816 762; x_wconf 90' lang='lat' dir='ltr'><strong>huius</strong></span> <span class='ocrx_word' id='word_1_27' title='bbox 837 696 884 762; x_wconf 89' lang='lat' dir='ltr'><strong>rei</strong></span> <span class='ocrx_word' id='word_1_28' title='bbox 905 697 1000 764; x_wconf 89' lang='lat' dir='ltr'><strong>testis</strong></span> <span class='ocrx_word' id='word_1_29' title='bbox 1022 707 1110 766; x_wconf 91' lang='lat' dir='ltr'><strong>esset</strong></span> <span class='ocrx_word' id='word_1_30' title='bbox 1130 706 1298 785; x_wconf 90' lang='lat' dir='ltr'><strong>superstes</strong></span> 
     </span>
     <span class='ocr_line' id='line_1_5' title="bbox 202 803 371 871; baseline -0.012 -1"><span class='ocrx_word' id='word_1_31' title='bbox 202 803 371 871; x_wconf 89' lang='lat' dir='ltr'><strong>memoria.</strong></span> 
     </span>
    </p>

    <p class='ocr_par' dir='ltr' id='par_1_3' title="bbox 203 906 1331 1080">
     <span class='ocr_line' id='line_1_6' title="bbox 245 906 1331 994; baseline 0.004 -20"><span class='ocrx_word' id='word_1_32' title='bbox 245 907 443 992; x_wconf 63' lang='lat' dir='ltr'><strong>Disczpulus.</strong></span> <span class='ocrx_word' id='word_1_33' title='bbox 488 906 590 973; x_wconf 90' lang='lat' dir='ltr'><strong>Salua</strong></span> <span class='ocrx_word' id='word_1_34' title='bbox 601 907 787 974; x_wconf 87' lang='lat' dir='ltr'><strong>reuerencia</strong></span> <span class='ocrx_word' id='word_1_35' title='bbox 801 927 868 973; x_wconf 89' lang='lat' dir='ltr'><strong>non</strong></span> <span class='ocrx_word' id='word_1_36' title='bbox 880 907 1042 994; x_wconf 85' lang='lat' dir='ltr'><strong>exemplis</strong></span> <span class='ocrx_word' id='word_1_37' title='bbox 1053 917 1105 980; x_wconf 82' lang='lat' dir='ltr'><strong>set</strong></span> <span class='ocrx_word' id='word_1_38' title='bbox 1119 909 1300 978; x_wconf 84' lang='lat' dir='ltr'><strong>rationibus</strong></span> <span class='ocrx_word' id='word_1_39' title='bbox 1312 932 1331 985; x_wconf 85' lang='lat'><strong>5</strong></span> 
     </span>
     <span class='ocr_line' id='line_1_7' title="bbox 203 1010 565 1080; baseline 0.008 -4"><span class='ocrx_word' id='word_1_40' title='bbox 203 1010 237 1078; x_wconf 89' lang='lat' dir='ltr'><strong>in</strong></span> <span class='ocrx_word' id='word_1_41' title='bbox 251 1013 315 1078; x_wconf 90' lang='lat' dir='ltr'><strong>hiis</strong></span> <span class='ocrx_word' id='word_1_42' title='bbox 329 1013 489 1080; x_wconf 89' lang='lat' dir='ltr'><strong>vtendum</strong></span> <span class='ocrx_word' id='word_1_43' title='bbox 504 1021 565 1079; x_wconf 79' lang='lat' dir='ltr'><strong>est.</strong></span> 
     </span>
    </p>

    <p class='ocr_par' dir='ltr' id='par_1_4' title="bbox 205 1113 1358 3275">
     <span class='ocr_line' id='line_1_8' title="bbox 246 1113 1299 1200; baseline 0.003 -20"><span class='ocrx_word' id='word_1_44' title='bbox 246 1115 423 1200; x_wconf 64' lang='lat' dir='ltr'><strong>Magister.</strong></span> <span class='ocrx_word' id='word_1_45' title='bbox 467 1115 522 1182; x_wconf 85' lang='lat' dir='ltr'><strong>Ita</strong></span> <span class='ocrx_word' id='word_1_46' title='bbox 546 1123 607 1180; x_wconf 87' lang='lat' dir='ltr'><strong>est.</strong></span> <span class='ocrx_word' id='word_1_47' title='bbox 651 1114 713 1181; x_wconf 89' lang='lat' dir='ltr'><strong>Set</strong></span> <span class='ocrx_word' id='word_1_48' title='bbox 741 1113 780 1181; x_wconf 86' lang='lat' dir='ltr'><strong>fit</strong></span> <span class='ocrx_word' id='word_1_49' title='bbox 807 1115 971 1182; x_wconf 89' lang='lat' dir='ltr'><strong>interdum</strong></span> <span class='ocrx_word' id='word_1_50' title='bbox 1001 1126 1039 1184; x_wconf 89' lang='lat' dir='ltr'><strong>vt</strong></span> <span class='ocrx_word' id='word_1_51' title='bbox 1064 1137 1163 1184; x_wconf 86' lang='lat' dir='ltr'><strong>cause</strong></span> <span class='ocrx_word' id='word_1_52' title='bbox 1191 1138 1299 1184; x_wconf 89' lang='lat' dir='ltr'><strong>rerum</strong></span> 
     </span>
     <span class='ocr_line' id='line_1_9' title="bbox 205 1218 1300 1303; baseline 0 -17"><span class='ocrx_word' id='word_1_53' title='bbox 205 1219 436 1303; x_wconf 85' lang='lat' dir='ltr'><strong>dictorumque</strong></span> <span class='ocrx_word' id='word_1_54' title='bbox 457 1218 600 1285; x_wconf 88' lang='lat' dir='ltr'><strong>rationes</strong></span> <span class='ocrx_word' id='word_1_55' title='bbox 621 1218 751 1286; x_wconf 84' lang='lat' dir='ltr'><strong>ooeulte</strong></span> <span class='ocrx_word' id='word_1_56' title='bbox 776 1218 852 1300; x_wconf 88' lang='lat' dir='ltr'><strong>sint,</strong></span> <span class='ocrx_word' id='word_1_57' title='bbox 874 1229 909 1286; x_wconf 88' lang='lat' dir='ltr'><strong>et</strong></span> <span class='ocrx_word' id='word_1_58' title='bbox 930 1229 1009 1287; x_wconf 87' lang='lat' dir='ltr'><strong>tunc</strong></span> <span class='ocrx_word' id='word_1_59' title='bbox 1030 1221 1151 1287; x_wconf 88' lang='lat' dir='ltr'><strong>sufficit</strong></span> <span class='ocrx_word' id='word_1_60' title='bbox 1172 1223 1215 1287; x_wconf 83' lang='lat' dir='ltr'><strong>de</strong></span> <span class='ocrx_word' id='word_1_61' title='bbox 1236 1222 1300 1286; x_wconf 88' lang='lat' dir='ltr'><strong>hiis</strong></span> 
     </span>
     <span class='ocr_line' id='line_1_10' title="bbox 207 1321 1302 1408; baseline 0.002 -20"><span class='ocrx_word' id='word_1_62' title='bbox 207 1322 363 1406; x_wconf 85' lang='lat' dir='ltr'><strong>exempla</strong></span> <span class='ocrx_word' id='word_1_63' title='bbox 383 1321 539 1401; x_wconf 89' lang='lat' dir='ltr'><strong>subicere,</strong></span> <span class='ocrx_word' id='word_1_64' title='bbox 561 1321 735 1406; x_wconf 80' lang='lat' dir='ltr'><strong>presertim</strong></span> <span class='ocrx_word' id='word_1_65' title='bbox 758 1324 802 1388; x_wconf 91' lang='lat' dir='ltr'><strong>de</strong></span> <span class='ocrx_word' id='word_1_66' title='bbox 823 1322 901 1388; x_wconf 91' lang='lat' dir='ltr'><strong>viris</strong></span> <span class='ocrx_word' id='word_1_67' title='bbox 921 1323 1137 1408; x_wconf 84' lang='lat' dir='ltr'><strong>prudentibus</strong></span> <span class='ocrx_word' id='word_1_68' title='bbox 1159 1334 1302 1408; x_wconf 89' lang='lat' dir='ltr'><strong>sumpta,</strong></span> 
     </span>
     <span class='ocr_line' id='line_1_11' title="bbox 206 1425 1352 1510; baseline 0.002 -20"><span class='ocrx_word' id='word_1_69' title='bbox 206 1446 347 1509; x_wconf 91' lang='lat' dir='ltr'><strong>quorum</strong></span> <span class='ocrx_word' id='word_1_70' title='bbox 362 1445 463 1510; x_wconf 87' lang='lat' dir='ltr'><strong>opera</strong></span> <span class='ocrx_word' id='word_1_71' title='bbox 482 1425 718 1509; x_wconf 83' lang='lat' dir='ltr'><strong>circumspecta</strong></span> <span class='ocrx_word' id='word_1_72' title='bbox 737 1434 815 1491; x_wconf 89' lang='lat' dir='ltr'><strong>sunt</strong></span> <span class='ocrx_word' id='word_1_73' title='bbox 834 1435 869 1492; x_wconf 92' lang='lat' dir='ltr'><strong>et</strong></span> <span class='ocrx_word' id='word_1_74' title='bbox 888 1426 958 1492; x_wconf 91' lang='lat' dir='ltr'><strong>sine</strong></span> <span class='ocrx_word' id='word_1_75' title='bbox 976 1427 1102 1493; x_wconf 88' lang='lat' dir='ltr'><strong>ratione</strong></span> <span class='ocrx_word' id='word_1_76' title='bbox 1120 1448 1188 1494; x_wconf 94' lang='lat' dir='ltr'><strong>non</strong></span> <span class='ocrx_word' id='word_1_77' title='bbox 1208 1426 1301 1495; x_wconf 86' lang='lat' dir='ltr'><strong>liunt.</strong></span> <span class='ocrx_word' id='word_1_78' title='bbox 1317 1449 1352 1492; x_wconf 82' lang='lat' dir='ltr'><strong>m</strong></span> 
     </span>
     <span class='ocr_line' id='line_1_12' title="bbox 205 1529 1304 1615; baseline 0 -19"><span class='ocrx_word' id='word_1_79' title='bbox 205 1531 332 1596; x_wconf 92' lang='lat' dir='ltr'><strong>Verum</strong></span> <span class='ocrx_word' id='word_1_80' title='bbox 359 1529 515 1614; x_wconf 90' lang='lat' dir='ltr'><strong>quicquid</strong></span> <span class='ocrx_word' id='word_1_81' title='bbox 541 1551 639 1615; x_wconf 87' lang='lat' dir='ltr'><strong>super</strong></span> <span class='ocrx_word' id='word_1_82' title='bbox 661 1529 725 1595; x_wconf 92' lang='lat' dir='ltr'><strong>hiis</strong></span> <span class='ocrx_word' id='word_1_83' title='bbox 749 1529 932 1596; x_wconf 87' lang='lat' dir='ltr'><strong>dixerimus</strong></span> <span class='ocrx_word' id='word_1_84' title='bbox 952 1530 1134 1615; x_wconf 81' lang='lat' dir='ltr'><strong>allegantes</strong></span> <span class='ocrx_word' id='word_1_85' title='bbox 1156 1552 1218 1615; x_wconf 92' lang='lat' dir='ltr'><strong>pro</strong></span> <span class='ocrx_word' id='word_1_86' title='bbox 1239 1530 1304 1597; x_wconf 85' lang='lat' dir='ltr'><strong>hac</strong></span> 
     </span>
     <span class='ocr_line' id='line_1_13' title="bbox 208 1633 1304 1720; baseline 0.003 -22"><span class='ocrx_word' id='word_1_87' title='bbox 208 1634 359 1700; x_wconf 89' lang='lat' dir='ltr'><strong>libertate</strong></span> <span class='ocrx_word' id='word_1_88' title='bbox 378 1633 432 1699; x_wconf 88' lang='lat' dir='ltr'><strong>vel</strong></span> <span class='ocrx_word' id='word_1_89' title='bbox 447 1643 561 1700; x_wconf 86' lang='lat' dir='ltr'><strong>contra</strong></span> <span class='ocrx_word' id='word_1_90' title='bbox 581 1653 665 1714; x_wconf 86' lang='lat' dir='ltr'><strong>eam,</strong></span> <span class='ocrx_word' id='word_1_91' title='bbox 680 1645 807 1700; x_wconf 89' lang='lat' dir='ltr'><strong>certum</strong></span> <span class='ocrx_word' id='word_1_92' title='bbox 826 1634 951 1701; x_wconf 84' lang='lat' dir='ltr'><strong>babeas</strong></span> <span class='ocrx_word' id='word_1_93' title='bbox 967 1637 1059 1720; x_wconf 90' lang='lat' dir='ltr'><strong>quod</strong></span> <span class='ocrx_word' id='word_1_94' title='bbox 1075 1635 1173 1701; x_wconf 89' lang='lat' dir='ltr'><strong>nichil</strong></span> <span class='ocrx_word' id='word_1_95' title='bbox 1192 1636 1225 1700; x_wconf 92' lang='lat' dir='ltr'><strong>in</strong></span> <span class='ocrx_word' id='word_1_96' title='bbox 1240 1634 1304 1701; x_wconf 83' lang='lat' dir='ltr'><strong>hac</strong></span> 
     </span>
     <span class='ocr_line' id='line_1_14' title="bbox 207 1738 1304 1824; baseline 0 -20"><span class='ocrx_word' id='word_1_97' title='bbox 207 1749 302 1824; x_wconf 89' lang='lat' dir='ltr'><strong>parte</strong></span> <span class='ocrx_word' id='word_1_98' title='bbox 324 1748 449 1804; x_wconf 86' lang='lat' dir='ltr'><strong>certum</strong></span> <span class='ocrx_word' id='word_1_99' title='bbox 464 1738 604 1804; x_wconf 89' lang='lat' dir='ltr'><strong>dicimus</strong></span> <span class='ocrx_word' id='word_1_100' title='bbox 626 1739 690 1803; x_wconf 91' lang='lat' dir='ltr'><strong>nisi</strong></span> <span class='ocrx_word' id='word_1_101' title='bbox 705 1740 797 1823; x_wconf 90' lang='lat' dir='ltr'><strong>quod</strong></span> <span class='ocrx_word' id='word_1_102' title='bbox 816 1739 972 1822; x_wconf 90' lang='lat' dir='ltr'><strong>principis</strong></span> <span class='ocrx_word' id='word_1_103' title='bbox 993 1740 1174 1806; x_wconf 79' lang='lat' dir='ltr'><strong>auctoritas</strong></span> <span class='ocrx_word' id='word_1_104' title='bbox 1192 1741 1304 1807; x_wconf 83' lang='lat' dir='ltr'><strong>deere-</strong></span> 
     </span>
     <span class='ocr_line' id='line_1_15' title="bbox 208 1841 1342 1929; baseline 0.001 -20"><span class='ocrx_word' id='word_1_105' title='bbox 208 1843 293 1911; x_wconf 91' lang='lat' dir='ltr'><strong>uerit</strong></span> <span class='ocrx_word' id='word_1_106' title='bbox 315 1843 568 1910; x_wconf 86' lang='lat' dir='ltr'><strong>obseruandum.</strong></span> <span class='ocrx_word' id='word_1_107' title='bbox 614 1841 707 1910; x_wconf 80' lang='lat' dir='ltr'><strong>Sane</strong></span> <span class='ocrx_word' id='word_1_108' title='bbox 729 1843 926 1911; x_wconf 79' lang='lat' dir='ltr'><strong>forestarum</strong></span> <span class='ocrx_word' id='word_1_109' title='bbox 949 1845 1043 1926; x_wconf 88' lang='lat' dir='ltr'><strong>ratio,</strong></span> <span class='ocrx_word' id='word_1_110' title='bbox 1064 1865 1151 1929; x_wconf 88' lang='lat' dir='ltr'><strong>pena</strong></span> <span class='ocrx_word' id='word_1_111' title='bbox 1172 1859 1342 1928; x_wconf 84' lang='lat' dir='ltr'><strong>quoqqu</strong></span> 
     </span>
     <span class='ocr_line' id='line_1_16' title="bbox 209 1945 1352 2033; baseline 0.004 -19"><span class='ocrx_word' id='word_1_112' title='bbox 209 1947 262 2014; x_wconf 90' lang='lat' dir='ltr'><strong>vel</strong></span> <span class='ocrx_word' id='word_1_113' title='bbox 283 1946 450 2014; x_wconf 86' lang='lat' dir='ltr'><strong>absolutio</strong></span> <span class='ocrx_word' id='word_1_114' title='bbox 471 1945 733 2030; x_wconf 89' lang='lat' dir='ltr'><strong>delinquentium</strong></span> <span class='ocrx_word' id='word_1_115' title='bbox 761 1947 795 2011; x_wconf 92' lang='lat' dir='ltr'><strong>in</strong></span> <span class='ocrx_word' id='word_1_116' title='bbox 818 1967 885 2028; x_wconf 90' lang='lat' dir='ltr'><strong>eas,</strong></span> <span class='ocrx_word' id='word_1_117' title='bbox 906 1949 977 2015; x_wconf 88' lang='lat' dir='ltr'><strong>siue</strong></span> <span class='ocrx_word' id='word_1_118' title='bbox 999 1948 1185 2033; x_wconf 85' lang='lat' dir='ltr'><strong>pecuniaria</strong></span> <span class='ocrx_word' id='word_1_119' title='bbox 1207 1947 1304 2014; x_wconf 85' lang='lat' dir='ltr'><strong>fuerit</strong></span> <span class='ocrx_word' id='word_1_120' title='bbox 1320 1969 1352 2019; x_wconf 84' lang='lat'><strong>15</strong></span> 
     </span>
     <span class='ocr_line' id='line_1_17' title="bbox 208 2050 1305 2136; baseline -0.002 -18"><span class='ocrx_word' id='word_1_121' title='bbox 208 2053 278 2118; x_wconf 91' lang='lat' dir='ltr'><strong>siue</strong></span> <span class='ocrx_word' id='word_1_122' title='bbox 304 2050 492 2136; x_wconf 86' lang='lat' dir='ltr'><strong>corporalis,</strong></span> <span class='ocrx_word' id='word_1_123' title='bbox 512 2071 662 2116; x_wconf 88' lang='lat' dir='ltr'><strong>seorsum</strong></span> <span class='ocrx_word' id='word_1_124' title='bbox 687 2052 731 2118; x_wconf 92' lang='lat' dir='ltr'><strong>ab</strong></span> <span class='ocrx_word' id='word_1_125' title='bbox 756 2052 829 2118; x_wconf 85' lang='lat' dir='ltr'><strong>aliis</strong></span> <span class='ocrx_word' id='word_1_126' title='bbox 855 2053 946 2136; x_wconf 88' lang='lat' dir='ltr'><strong>regni</strong></span> <span class='ocrx_word' id='word_1_127' title='bbox 972 2052 1101 2118; x_wconf 91' lang='lat' dir='ltr'><strong>iudiciis</strong></span> <span class='ocrx_word' id='word_1_128' title='bbox 1125 2052 1305 2118; x_wconf 86' lang='lat' dir='ltr'><strong>secernitur</strong></span> 
     </span>
     <span class='ocr_line' id='line_1_18' title="bbox 210 2154 1307 2238; baseline -0.002 -16"><span class='ocrx_word' id='word_1_129' title='bbox 210 2165 244 2222; x_wconf 88' lang='lat' dir='ltr'><strong>et</strong></span> <span class='ocrx_word' id='word_1_130' title='bbox 274 2155 376 2221; x_wconf 91' lang='lat' dir='ltr'><strong>solius</strong></span> <span class='ocrx_word' id='word_1_131' title='bbox 406 2155 493 2238; x_wconf 86' lang='lat' dir='ltr'><strong>regis</strong></span> <span class='ocrx_word' id='word_1_132' title='bbox 524 2155 659 2222; x_wconf 87' lang='lat' dir='ltr'><strong>arbitrio</strong></span> <span class='ocrx_word' id='word_1_133' title='bbox 687 2154 739 2220; x_wconf 87' lang='lat' dir='ltr'><strong>vel</strong></span> <span class='ocrx_word' id='word_1_134' title='bbox 769 2155 940 2222; x_wconf 79' lang='lat' dir='ltr'><strong>cuiuslibet</strong></span> <span class='ocrx_word' id='word_1_135' title='bbox 970 2155 1139 2223; x_wconf 83' lang='lat' dir='ltr'><strong>familiaris</strong></span> <span class='ocrx_word' id='word_1_136' title='bbox 1170 2156 1214 2223; x_wconf 87' lang='lat' dir='ltr'><strong>ad</strong></span> <span class='ocrx_word' id='word_1_137' title='bbox 1242 2155 1307 2220; x_wconf 88' lang='lat' dir='ltr'><strong>hoe</strong></span> 
     </span>
     <span class='ocr_line' id='line_1_19' title="bbox 211 2257 1306 2345; baseline -0.001 -19"><span class='ocrx_word' id='word_1_138' title='bbox 211 2260 396 2345; x_wconf 80' lang='lat' dir='ltr'><strong>specialiter</strong></span> <span class='ocrx_word' id='word_1_139' title='bbox 426 2259 578 2344; x_wconf 87' lang='lat' dir='ltr'><strong>deputati</strong></span> <span class='ocrx_word' id='word_1_140' title='bbox 606 2259 774 2325; x_wconf 89' lang='lat' dir='ltr'><strong>subicitur.</strong></span> <span class='ocrx_word' id='word_1_141' title='bbox 818 2259 968 2344; x_wconf 83' lang='lat' dir='ltr'><strong>Legibus</strong></span> <span class='ocrx_word' id='word_1_142' title='bbox 999 2260 1134 2344; x_wconf 88' lang='lat' dir='ltr'><strong>quidem</strong></span> <span class='ocrx_word' id='word_1_143' title='bbox 1163 2257 1306 2345; x_wconf 86' lang='lat' dir='ltr'><strong>propriis</strong></span> 
     </span>
     <span class='ocr_line' id='line_1_20' title="bbox 210 2363 1308 2449; baseline -0.002 -19"><span class='ocrx_word' id='word_1_144' title='bbox 210 2364 359 2430; x_wconf 89' lang='lat' dir='ltr'><strong>subsistit</strong></span> <span class='ocrx_word' id='word_1_145' title='bbox 374 2383 457 2446; x_wconf 88' lang='lat' dir='ltr'><strong>quas</strong></span> <span class='ocrx_word' id='word_1_146' title='bbox 471 2383 539 2427; x_wconf 91' lang='lat' dir='ltr'><strong>non</strong></span> <span class='ocrx_word' id='word_1_147' title='bbox 559 2364 726 2428; x_wconf 90' lang='lat' dir='ltr'><strong>communi</strong></span> <span class='ocrx_word' id='word_1_148' title='bbox 743 2365 835 2448; x_wconf 88' lang='lat' dir='ltr'><strong>regni</strong></span> <span class='ocrx_word' id='word_1_149' title='bbox 857 2364 927 2430; x_wconf 88' lang='lat' dir='ltr'><strong>iure</strong></span> <span class='ocrx_word' id='word_1_150' title='bbox 944 2375 996 2432; x_wconf 89' lang='lat' dir='ltr'><strong>set</strong></span> <span class='ocrx_word' id='word_1_151' title='bbox 1014 2365 1200 2431; x_wconf 89' lang='lat' dir='ltr'><strong>voluntaria</strong></span> <span class='ocrx_word' id='word_1_152' title='bbox 1218 2363 1308 2449; x_wconf 87' lang='lat' dir='ltr'><strong>pn&#39;n·</strong></span> 
     </span>
     <span class='ocr_line' id='line_1_21' title="bbox 211 2465 1357 2553; baseline -0.003 -18"><span class='ocrx_word' id='word_1_153' title='bbox 211 2469 323 2552; x_wconf 90' lang='lat' dir='ltr'><strong>cipum</strong></span> <span class='ocrx_word' id='word_1_154' title='bbox 338 2466 545 2532; x_wconf 88' lang='lat' dir='ltr'><strong>institutione</strong></span> <span class='ocrx_word' id='word_1_155' title='bbox 559 2465 717 2532; x_wconf 87' lang='lat' dir='ltr'><strong>subnixas</strong></span> <span class='ocrx_word' id='word_1_156' title='bbox 731 2468 856 2546; x_wconf 89' lang='lat' dir='ltr'><strong>dicunt,</strong></span> <span class='ocrx_word' id='word_1_157' title='bbox 866 2469 952 2536; x_wconf 86' lang='lat' dir='ltr'><strong>adeo</strong></span> <span class='ocrx_word' id='word_1_158' title='bbox 966 2477 1003 2536; x_wconf 89' lang='lat' dir='ltr'><strong>vt</strong></span> <span class='ocrx_word' id='word_1_159' title='bbox 1017 2469 1106 2552; x_wconf 93' lang='lat' dir='ltr'><strong>quod</strong></span> <span class='ocrx_word' id='word_1_160' title='bbox 1122 2489 1182 2553; x_wconf 91' lang='lat' dir='ltr'><strong>per</strong></span> <span class='ocrx_word' id='word_1_161' title='bbox 1197 2467 1307 2552; x_wconf 85' lang='lat' dir='ltr'><strong>legem</strong></span> <span class='ocrx_word' id='word_1_162' title='bbox 1323 2485 1357 2524; x_wconf 68' lang='grc' dir='ltr'><strong>πο</strong></span> 
     </span>
     <span class='ocr_line' id='line_1_22' title="bbox 213 2565 1310 2636; baseline 0.001 -1"><span class='ocrx_word' id='word_1_163' title='bbox 213 2571 284 2636; x_wconf 87' lang='lat' dir='ltr'><strong>eius</strong></span> <span class='ocrx_word' id='word_1_164' title='bbox 299 2567 423 2633; x_wconf 83' lang='lat' dir='ltr'><strong>iactum</strong></span> <span class='ocrx_word' id='word_1_165' title='bbox 435 2565 534 2632; x_wconf 85' lang='lat' dir='ltr'><strong>fuerit</strong></span> <span class='ocrx_word' id='word_1_166' title='bbox 548 2586 615 2632; x_wconf 91' lang='lat' dir='ltr'><strong>non</strong></span> <span class='ocrx_word' id='word_1_167' title='bbox 629 2567 752 2632; x_wconf 89' lang='lat' dir='ltr'><strong>iustum</strong></span> <span class='ocrx_word' id='word_1_168' title='bbox 767 2567 918 2635; x_wconf 86' lang='lat' dir='ltr'><strong>absolute</strong></span> <span class='ocrx_word' id='word_1_169' title='bbox 929 2578 981 2635; x_wconf 89' lang='lat' dir='ltr'><strong>set</strong></span> <span class='ocrx_word' id='word_1_170' title='bbox 994 2569 1310 2636; x_wconf 84' lang='lat' dir='ltr'><strong>iustumsecundum</strong></span> 
     </span>
     <span class='ocr_line' id='line_1_23' title="bbox 213 2669 1310 2758; baseline 0.004 -22"><span class='ocrx_word' id='word_1_171' title='bbox 213 2673 322 2756; x_wconf 89' lang='lat' dir='ltr'><strong>legem</strong></span> <span class='ocrx_word' id='word_1_172' title='bbox 337 2670 457 2736; x_wconf 78' lang='lat' dir='ltr'><strong>foreste</strong></span> <span class='ocrx_word' id='word_1_173' title='bbox 471 2669 609 2736; x_wconf 88' lang='lat' dir='ltr'><strong>dicatur.</strong></span> <span class='ocrx_word' id='word_1_174' title='bbox 654 2671 694 2735; x_wconf 94' lang='lat' dir='ltr'><strong>ln</strong></span> <span class='ocrx_word' id='word_1_175' title='bbox 717 2671 847 2737; x_wconf 76' lang='lat' dir='ltr'><strong>forestis</strong></span> <span class='ocrx_word' id='word_1_176' title='bbox 868 2673 968 2738; x_wconf 89' lang='lat' dir='ltr'><strong>etiam</strong></span> <span class='ocrx_word' id='word_1_177' title='bbox 990 2672 1171 2758; x_wconf 86' lang='lat' dir='ltr'><strong>penetralia</strong></span> <span class='ocrx_word' id='word_1_178' title='bbox 1191 2691 1310 2757; x_wconf 82' lang='lat' dir='ltr'><strong>regum</strong></span> 
     </span>
     <span class='ocr_line' id='line_1_24' title="bbox 214 2773 1310 2855; baseline -0.001 -15"><span class='ocrx_word' id='word_1_179' title='bbox 214 2784 292 2841; x_wconf 91' lang='lat' dir='ltr'><strong>sunt</strong></span> <span class='ocrx_word' id='word_1_180' title='bbox 304 2783 337 2840; x_wconf 90' lang='lat' dir='ltr'><strong>et</strong></span> <span class='ocrx_word' id='word_1_181' title='bbox 349 2793 462 2839; x_wconf 87' lang='lat' dir='ltr'><strong>eorum</strong></span> <span class='ocrx_word' id='word_1_182' title='bbox 474 2773 622 2838; x_wconf 88' lang='lat' dir='ltr'><strong>maxime</strong></span> <span class='ocrx_word' id='word_1_183' title='bbox 632 2773 756 2841; x_wconf 83' lang='lat' dir='ltr'><strong>delicie</strong></span> <span class='ocrx_word' id='word_1_184' title='bbox 801 2774 860 2841; x_wconf 87' lang='lat' dir='ltr'><strong>Ad</strong></span> <span class='ocrx_word' id='word_1_185' title='bbox 870 2776 932 2839; x_wconf 86' lang='lat' dir='ltr'><strong>has</strong></span> <span class='ocrx_word' id='word_1_186' title='bbox 943 2776 1032 2841; x_wconf 89' lang='lat' dir='ltr'><strong>enim</strong></span> <span class='ocrx_word' id='word_1_187' title='bbox 1047 2776 1190 2841; x_wconf 85' lang='lat' dir='ltr'><strong>venandi</strong></span> <span class='ocrx_word' id='word_1_188' title='bbox 1202 2793 1310 2855; x_wconf 84' lang='lat' dir='ltr'><strong>causa,</strong></span> 
     </span>
     <span class='ocr_line' id='line_1_25' title="bbox 214 2878 1312 2964; baseline -0.002 -18"><span class='ocrx_word' id='word_1_189' title='bbox 214 2880 299 2946; x_wconf 88' lang='lat' dir='ltr'><strong>curis</strong></span> <span class='ocrx_word' id='word_1_190' title='bbox 314 2879 512 2962; x_wconf 90' lang='lat' dir='ltr'><strong>quandoque</strong></span> <span class='ocrx_word' id='word_1_191' title='bbox 526 2878 697 2962; x_wconf 89' lang='lat' dir='ltr'><strong>depositis,</strong></span> <span class='ocrx_word' id='word_1_192' title='bbox 712 2880 874 2945; x_wconf 86' lang='lat' dir='ltr'><strong>accedunt</strong></span> <span class='ocrx_word' id='word_1_193' title='bbox 885 2889 922 2944; x_wconf 85' lang='lat' dir='ltr'><strong>vt</strong></span> <span class='ocrx_word' id='word_1_194' title='bbox 937 2880 1066 2946; x_wconf 89' lang='lat' dir='ltr'><strong>modica</strong></span> <span class='ocrx_word' id='word_1_195' title='bbox 1081 2881 1193 2964; x_wconf 87' lang='lat' dir='ltr'><strong>quiete</strong></span> <span class='ocrx_word' id='word_1_196' title='bbox 1208 2895 1312 2944; x_wconf 87' lang='lat' dir='ltr'><strong>recre-</strong></span> 
     </span>
     <span class='ocr_line' id='line_1_26' title="bbox 216 2981 1358 3064; baseline -0.007 -15"><span class='ocrx_word' id='word_1_197' title='bbox 216 2993 321 3050; x_wconf 89' lang='lat' dir='ltr'><strong>entur.</strong></span> <span class='ocrx_word' id='word_1_198' title='bbox 360 2981 443 3061; x_wconf 92' lang='lat' dir='ltr'><strong>Illic,</strong></span> <span class='ocrx_word' id='word_1_199' title='bbox 456 2982 547 3047; x_wconf 86' lang='lat' dir='ltr'><strong>seriis</strong></span> <span class='ocrx_word' id='word_1_200' title='bbox 562 2981 661 3046; x_wconf 88' lang='lat' dir='ltr'><strong>simul</strong></span> <span class='ocrx_word' id='word_1_201' title='bbox 675 2991 710 3047; x_wconf 94' lang='lat' dir='ltr'><strong>et</strong></span> <span class='ocrx_word' id='word_1_202' title='bbox 724 2981 847 3048; x_wconf 90' lang='lat' dir='ltr'><strong>innatis</strong></span> <span class='ocrx_word' id='word_1_203' title='bbox 861 2983 949 3049; x_wconf 91' lang='lat' dir='ltr'><strong>curie</strong></span> <span class='ocrx_word' id='word_1_204' title='bbox 963 2981 1161 3048; x_wconf 90' lang='lat' dir='ltr'><strong>tumultibus</strong></span> <span class='ocrx_word' id='word_1_205' title='bbox 1172 2981 1312 3062; x_wconf 84' lang='lat' dir='ltr'><strong>omissis,</strong></span> <span class='ocrx_word' id='word_1_206' title='bbox 1326 3005 1358 3064; x_wconf 76' lang='lat'><strong>²5</strong></span> 
     </span>
     <span class='ocr_line' id='line_1_27' title="bbox 215 3083 1311 3171; baseline -0.001 -19"><span class='ocrx_word' id='word_1_207' title='bbox 215 3089 249 3152; x_wconf 90' lang='lat' dir='ltr'><strong>in</strong></span> <span class='ocrx_word' id='word_1_208' title='bbox 269 3085 426 3153; x_wconf 87' lang='lat' dir='ltr'><strong>naturalis</strong></span> <span class='ocrx_word' id='word_1_209' title='bbox 445 3083 606 3152; x_wconf 86' lang='lat' dir='ltr'><strong>libertatis</strong></span> <span class='ocrx_word' id='word_1_210' title='bbox 624 3086 765 3169; x_wconf 84' lang='lat' dir='ltr'><strong>gratiam</strong></span> <span class='ocrx_word' id='word_1_211' title='bbox 787 3085 954 3171; x_wconf 89' lang='lat' dir='ltr'><strong>paulisper</strong></span> <span class='ocrx_word' id='word_1_212' title='bbox 974 3087 1148 3169; x_wconf 85' lang='lat' dir='ltr'><strong>respirant,</strong></span> <span class='ocrx_word' id='word_1_213' title='bbox 1162 3087 1251 3151; x_wconf 86' lang='lat' dir='ltr'><strong>vnde</strong></span> <span class='ocrx_word' id='word_1_214' title='bbox 1272 3085 1311 3151; x_wconf 87' lang='lat' dir='ltr'><strong>fit</strong></span> 
     </span>
     <span class='ocr_line' id='line_1_28' title="bbox 215 3187 1312 3275; baseline -0.004 -19"><span class='ocrx_word' id='word_1_215' title='bbox 215 3199 253 3257; x_wconf 88' lang='lat' dir='ltr'><strong>vt</strong></span> <span class='ocrx_word' id='word_1_216' title='bbox 267 3191 496 3275; x_wconf 87' lang='lat' dir='ltr'><strong>delinquentes</strong></span> <span class='ocrx_word' id='word_1_217' title='bbox 508 3189 541 3254; x_wconf 90' lang='lat' dir='ltr'><strong>in</strong></span> <span class='ocrx_word' id='word_1_218' title='bbox 557 3209 632 3255; x_wconf 90' lang='lat' dir='ltr'><strong>eam</strong></span> <span class='ocrx_word' id='word_1_219' title='bbox 643 3189 706 3255; x_wconf 91' lang='lat' dir='ltr'><strong>soli</strong></span> <span class='ocrx_word' id='word_1_220' title='bbox 721 3191 811 3274; x_wconf 73' lang='lat' dir='ltr'><strong>regie</strong></span> <span class='ocrx_word' id='word_1_221' title='bbox 821 3190 1013 3256; x_wconf 84' lang='lat' dir='ltr'><strong>subiaceant</strong></span> <span class='ocrx_word' id='word_1_222' title='bbox 1024 3187 1312 3256; x_wconf 87' lang='lat' dir='ltr'><strong>animaduersioni.</strong></span> 
     </span>
    </p>

    <p class='ocr_par' dir='ltr' id='par_1_5' title="bbox 218 3292 1360 3692">
     <span class='ocr_line' id='line_1_29' title="bbox 259 3292 1315 3378; baseline -0.002 -19"><span class='ocrx_word' id='word_1_223' title='bbox 259 3292 457 3378; x_wconf 82' lang='lat' dir='ltr'><strong>Discipulus.</strong></span> <span class='ocrx_word' id='word_1_224' title='bbox 502 3292 560 3358; x_wconf 90' lang='lat' dir='ltr'><strong>Ab</strong></span> <span class='ocrx_word' id='word_1_225' title='bbox 573 3313 684 3378; x_wconf 90' lang='lat' dir='ltr'><strong>vngue</strong></span> <span class='ocrx_word' id='word_1_226' title='bbox 700 3294 808 3378; x_wconf 92' lang='lat' dir='ltr'><strong>primo</strong></span> <span class='ocrx_word' id='word_1_227' title='bbox 822 3293 924 3359; x_wconf 90' lang='lat' dir='ltr'><strong>didici</strong></span> <span class='ocrx_word' id='word_1_228' title='bbox 938 3294 1030 3378; x_wconf 87' lang='lat' dir='ltr'><strong>quod</strong></span> <span class='ocrx_word' id='word_1_229' title='bbox 1043 3313 1145 3377; x_wconf 90' lang='lat' dir='ltr'><strong>praue</strong></span> <span class='ocrx_word' id='word_1_230' title='bbox 1159 3292 1315 3376; x_wconf 89' lang='lat' dir='ltr'><strong>pudentis</strong></span> 
     </span>
     <span class='ocr_line' id='line_1_30' title="bbox 218 3397 1314 3482; baseline -0.002 -18"><span class='ocrx_word' id='word_1_231' title='bbox 218 3408 268 3464; x_wconf 87' lang='lat' dir='ltr'><strong>est</strong></span> <span class='ocrx_word' id='word_1_232' title='bbox 283 3398 505 3482; x_wconf 85' lang='lat' dir='ltr'><strong>ignorantiam</strong></span> <span class='ocrx_word' id='word_1_233' title='bbox 520 3397 588 3481; x_wconf 88' lang='lat' dir='ltr'><strong>pati</strong></span> <span class='ocrx_word' id='word_1_234' title='bbox 605 3397 703 3462; x_wconf 83' lang='lat' dir='ltr'><strong>malle</strong></span> <span class='ocrx_word' id='word_1_235' title='bbox 717 3418 817 3482; x_wconf 90' lang='lat' dir='ltr'><strong>quam</strong></span> <span class='ocrx_word' id='word_1_236' title='bbox 833 3397 995 3464; x_wconf 90' lang='lat' dir='ltr'><strong>dictorum</strong></span> <span class='ocrx_word' id='word_1_237' title='bbox 1010 3417 1124 3464; x_wconf 88' lang='lat' dir='ltr'><strong>causas</strong></span> <span class='ocrx_word' id='word_1_238' title='bbox 1139 3398 1314 3480; x_wconf 90' lang='lat' dir='ltr'><strong>inquirere.</strong></span> 
     </span>
     <span class='ocr_line' id='line_1_31' title="bbox 218 3498 1360 3587; baseline -0.007 -17"><span class='ocrx_word' id='word_1_239' title='bbox 218 3501 267 3570; x_wconf 91' lang='lat' dir='ltr'><strong>Vt</strong></span> <span class='ocrx_word' id='word_1_240' title='bbox 289 3523 369 3586; x_wconf 86' lang='lat' dir='ltr'><strong>ergo</strong></span> <span class='ocrx_word' id='word_1_241' title='bbox 391 3501 435 3566; x_wconf 91' lang='lat' dir='ltr'><strong>de</strong></span> <span class='ocrx_word' id='word_1_242' title='bbox 456 3500 612 3587; x_wconf 90' lang='lat' dir='ltr'><strong>predictis</strong></span> <span class='ocrx_word' id='word_1_243' title='bbox 634 3500 763 3586; x_wconf 89' lang='lat' dir='ltr'><strong>plenius</strong></span> <span class='ocrx_word' id='word_1_244' title='bbox 785 3509 924 3581; x_wconf 89' lang='lat' dir='ltr'><strong>constet,</strong></span> <span class='ocrx_word' id='word_1_245' title='bbox 945 3500 1072 3586; x_wconf 90' lang='lat' dir='ltr'><strong>aperire</strong></span> <span class='ocrx_word' id='word_1_246' title='bbox 1093 3521 1161 3566; x_wconf 94' lang='lat' dir='ltr'><strong>non</strong></span> <span class='ocrx_word' id='word_1_247' title='bbox 1183 3498 1314 3566; x_wconf 82' lang='lat' dir='ltr'><strong>differas</strong></span> <span class='ocrx_word' id='word_1_248' title='bbox 1327 3524 1360 3576; x_wconf 79' lang='lat'><strong>30</strong></span> 
     </span>
     <span class='ocr_line' id='line_1_32' title="bbox 218 3604 824 3692; baseline -0.005 -21"><span class='ocrx_word' id='word_1_249' title='bbox 218 3607 298 3692; x_wconf 89' lang='lat' dir='ltr'><strong>quid</strong></span> <span class='ocrx_word' id='word_1_250' title='bbox 314 3604 435 3672; x_wconf 78' lang='lat' dir='ltr'><strong>foresta</strong></span> <span class='ocrx_word' id='word_1_251' title='bbox 448 3605 492 3670; x_wconf 89' lang='lat' dir='ltr'><strong>sit</strong></span> <span class='ocrx_word' id='word_1_252' title='bbox 507 3605 636 3691; x_wconf 88' lang='lat' dir='ltr'><strong>etquid</strong></span> <span class='ocrx_word' id='word_1_253' title='bbox 652 3614 824 3671; x_wconf 88' lang='lat' dir='ltr'><strong>essartum.</strong></span> 
     </span>
    </p>

    <p class='ocr_par' dir='ltr' id='par_1_6' title="bbox 220 3708 1378 4105">
     <span class='ocr_line' id='line_1_33' title="bbox 262 3708 1378 3793; baseline -0.001 -18"><span class='ocrx_word' id='word_1_254' title='bbox 262 3709 438 3793; x_wconf 82' lang='lat' dir='ltr'><strong>Magister.</strong></span> <span class='ocrx_word' id='word_1_255' title='bbox 483 3709 623 3775; x_wconf 83' lang='lat' dir='ltr'><strong>Foresta</strong></span> <span class='ocrx_word' id='word_1_256' title='bbox 646 3708 733 3792; x_wconf 86' lang='lat' dir='ltr'><strong>regis</strong></span> <span class='ocrx_word' id='word_1_257' title='bbox 755 3718 806 3774; x_wconf 75' lang='lat' dir='ltr'><strong>est</strong></span> <span class='ocrx_word' id='word_1_258' title='bbox 827 3717 902 3775; x_wconf 92' lang='lat' dir='ltr'><strong>tuta</strong></span> <span class='ocrx_word' id='word_1_259' title='bbox 921 3709 1064 3774; x_wconf 79' lang='lat' dir='ltr'><strong>serarum</strong></span> <span class='ocrx_word' id='word_1_260' title='bbox 1091 3710 1228 3787; x_wconf 87' lang='lat' dir='ltr'><strong>mansio,</strong></span> <span class='ocrx_word' id='word_1_261' title='bbox 1249 3728 1317 3774; x_wconf 91' lang='lat' dir='ltr'><strong>non</strong></span> <span class='ocrx_word' id='word_1_262' title='bbox 1330 3714 1378 3774; x_wconf 87' lang='lat' dir='ltr'><strong>xll</strong></span> 
     </span>
     <span class='ocr_line' id='line_1_34' title="bbox 221 3811 1319 3898; baseline 0.001 -20"><span class='ocrx_word' id='word_1_263' title='bbox 221 3812 442 3898; x_wconf 90' lang='lat' dir='ltr'><strong>quarumlibet</strong></span> <span class='ocrx_word' id='word_1_264' title='bbox 471 3823 523 3878; x_wconf 89' lang='lat' dir='ltr'><strong>set</strong></span> <span class='ocrx_word' id='word_1_265' title='bbox 551 3811 759 3890; x_wconf 89' lang='lat' dir='ltr'><strong>siluestrium‚</strong></span> <span class='ocrx_word' id='word_1_266' title='bbox 780 3833 846 3876; x_wconf 94' lang='lat' dir='ltr'><strong>non</strong></span> <span class='ocrx_word' id='word_1_267' title='bbox 874 3811 1077 3897; x_wconf 87' lang='lat' dir='ltr'><strong>quibuslibet</strong></span> <span class='ocrx_word' id='word_1_268' title='bbox 1103 3813 1137 3877; x_wconf 91' lang='lat' dir='ltr'><strong>in</strong></span> <span class='ocrx_word' id='word_1_269' title='bbox 1163 3812 1244 3880; x_wconf 89' lang='lat' dir='ltr'><strong>locis</strong></span> <span class='ocrx_word' id='word_1_270' title='bbox 1267 3821 1319 3879; x_wconf 90' lang='lat' dir='ltr'><strong>set</strong></span> 
     </span>
     <span class='ocr_line' id='line_1_35' title="bbox 221 3913 1317 3996; baseline -0.005 -12"><span class='ocrx_word' id='word_1_271' title='bbox 221 3917 320 3984; x_wconf 89' lang='lat' dir='ltr'><strong>certis</strong></span> <span class='ocrx_word' id='word_1_272' title='bbox 335 3925 369 3980; x_wconf 90' lang='lat' dir='ltr'><strong>et</strong></span> <span class='ocrx_word' id='word_1_273' title='bbox 382 3917 426 3982; x_wconf 92' lang='lat' dir='ltr'><strong>ad</strong></span> <span class='ocrx_word' id='word_1_274' title='bbox 443 3917 505 3981; x_wconf 89' lang='lat' dir='ltr'><strong>hoc</strong></span> <span class='ocrx_word' id='word_1_275' title='bbox 520 3915 657 3982; x_wconf 91' lang='lat' dir='ltr'><strong>idoneis.</strong></span> <span class='ocrx_word' id='word_1_276' title='bbox 721 3913 822 3981; x_wconf 90' lang='lat' dir='ltr'><strong>Vnde</strong></span> <span class='ocrx_word' id='word_1_277' title='bbox 836 3916 957 3981; x_wconf 80' lang='lat' dir='ltr'><strong>foresta</strong></span> <span class='ocrx_word' id='word_1_278' title='bbox 968 3916 1096 3996; x_wconf 87' lang='lat' dir='ltr'><strong>dicitur,</strong></span> <span class='ocrx_word' id='word_1_279' title='bbox 1111 3923 1271 3982; x_wconf 82' lang='lat' dir='ltr'><strong>emutata</strong></span> <span class='ocrx_word' id='word_1_280' title='bbox 1282 3915 1317 3980; x_wconf 93' lang='lat' dir='ltr'><strong>in</strong></span> 
     </span>
     <span class='ocr_line' id='line_1_36' title="bbox 220 4017 1364 4105; baseline -0.006 -17"><span class='ocrx_word' id='word_1_281' title='bbox 220 4017 528 4105; x_wconf 74' lang='lat' dir='ltr'><strong>o,quasi‘leresta‚’</strong></span> <span class='ocrx_word' id='word_1_282' title='bbox 544 4019 608 4086; x_wconf 87' lang='lat' dir='ltr'><strong>hoc</strong></span> <span class='ocrx_word' id='word_1_283' title='bbox 622 4027 674 4084; x_wconf 88' lang='lat' dir='ltr'><strong>est</strong></span> <span class='ocrx_word' id='word_1_284' title='bbox 687 4019 832 4084; x_wconf 79' lang='lat' dir='ltr'><strong>serarum</strong></span> <span class='ocrx_word' id='word_1_285' title='bbox 846 4019 961 4087; x_wconf 83' lang='lat' dir='ltr'><strong>statio.</strong></span> <span class='ocrx_word' id='word_1_286' title='bbox 1332 4029 1364 4082; x_wconf 78' lang='lat'><strong>³⁵</strong></span> 
     </span>
    </p>
   </div>
   <div class='ocr_carea' id='block_1_3' title="bbox 258 4193 1320 4267">
    <p class='ocr_par' dir='ltr' id='par_1_7' title="bbox 258 4193 1320 4267">
     <span class='ocr_line' id='line_1_37' title="bbox 258 4193 1320 4267; baseline 0.001 -18"><span class='ocrx_word' id='word_1_287' title='bbox 258 4195 496 4267; x_wconf 79' lang='lat' dir='ltr'><strong>pemsemplaN</strong></span> <span class='ocrx_word' id='word_1_288' title='bbox 548 4209 581 4251; x_wconf 81' lang='lat'><strong>12</strong></span> <span class='ocrx_word' id='word_1_289' title='bbox 593 4193 875 4266; x_wconf 73' lang='lat' dir='ltr'><strong>postlibertateadd</strong></span> <span class='ocrx_word' id='word_1_290' title='bbox 889 4193 1176 4250; x_wconf 83' lang='lat' dir='ltr'><strong>certumdicimusN</strong></span> <span class='ocrx_word' id='word_1_291' title='bbox 1219 4193 1251 4251; x_wconf 88' lang='lat'><strong>18</strong></span> <span class='ocrx_word' id='word_1_292' title='bbox 1270 4195 1320 4250; x_wconf 88' lang='lat' dir='ltr'><strong>de·</strong></span> 
     </span>
    </p>
   </div>
   <div class='ocr_carea' id='block_1_4' title="bbox 223 4263 1321 4410">
    <p class='ocr_par' dir='ltr' id='par_1_8' title="bbox 223 4263 1321 4410">
     <span class='ocr_line' id='line_1_38' title="bbox 223 4263 1321 4340; baseline 0.002 -20"><span class='ocrx_word' id='word_1_293' title='bbox 223 4263 316 4336; x_wconf 87' lang='lat' dir='ltr'><strong>putari</strong></span> <span class='ocrx_word' id='word_1_294' title='bbox 331 4266 355 4321; x_wconf 89' lang='lat' dir='ltr'><em>C</em></span> <span class='ocrx_word' id='word_1_295' title='bbox 434 4267 469 4323; x_wconf 80' lang='lat'><strong>26</strong></span> <span class='ocrx_word' id='word_1_296' title='bbox 480 4263 567 4336; x_wconf 79' lang='lat' dir='ltr'><strong>vnde]</strong></span> <span class='ocrx_word' id='word_1_297' title='bbox 580 4283 667 4321; x_wconf 84' lang='lat' dir='ltr'><strong>vnum</strong></span> <span class='ocrx_word' id='word_1_298' title='bbox 678 4267 707 4322; x_wconf 84' lang='lat' dir='ltr'><em>R</em></span> <span class='ocrx_word' id='word_1_299' title='bbox 785 4266 819 4320; x_wconf 89' lang='lat'><strong>28</strong></span> <span class='ocrx_word' id='word_1_300' title='bbox 837 4265 981 4336; x_wconf 87' lang='lat' dir='ltr'><strong>prudentis</strong></span> <span class='ocrx_word' id='word_1_301' title='bbox 994 4264 1033 4321; x_wconf 87' lang='lat' dir='ltr'><strong>C:</strong></span> <span class='ocrx_word' id='word_1_302' title='bbox 1052 4265 1185 4340; x_wconf 85' lang='lat' dir='ltr'><strong>pudentis</strong></span> <span class='ocrx_word' id='word_1_303' title='bbox 1196 4265 1245 4322; x_wconf 86' lang='lat' dir='ltr'><strong>vel</strong></span> <span class='ocrx_word' id='word_1_304' title='bbox 1254 4281 1321 4337; x_wconf 86' lang='lat' dir='ltr'><strong>pru·</strong></span> 
     </span>
     <span class='ocr_line' id='line_1_39' title="bbox 224 4335 1029 4410; baseline 0.001 -17"><span class='ocrx_word' id='word_1_305' title='bbox 224 4335 356 4393; x_wconf 84' lang='lat' dir='ltr'><strong>dentisR</strong></span> <span class='ocrx_word' id='word_1_306' title='bbox 431 4351 468 4409; x_wconf 85' lang='lat'><strong>34</strong></span> <span class='ocrx_word' id='word_1_307' title='bbox 484 4335 535 4410; x_wconf 88' lang='lat' dir='ltr'><strong>ad]</strong></span> <span class='ocrx_word' id='word_1_308' title='bbox 549 4337 635 4394; x_wconf 88' lang='lat' dir='ltr'><strong>abN</strong></span> <span class='ocrx_word' id='word_1_309' title='bbox 705 4335 1029 4410; x_wconf 75' lang='lat' dir='ltr'><strong>35ieresta1iorestac</strong></span> 
     </span>
    </p>
   </div>
   <div class='ocr_carea' id='block_1_5' title="bbox 267 4438 787 4491">
    <p class='ocr_par' dir='ltr' id='par_1_9' title="bbox 267 4438 787 4491">
     <span class='ocr_line' id='line_1_40' title="bbox 267 4438 787 4491; baseline -0.002 -1"><span class='ocrx_word' id='word_1_310' title='bbox 267 4457 376 4491; x_wconf 65' lang='lat' dir='ltr'><strong>eruor.</strong></span> <span class='ocrx_word' id='word_1_311' title='bbox 766 4438 787 4489; x_wconf 81' lang='lat'><strong>1³</strong></span> 
     </span>
    </p>
   </div>
   <div class='ocr_carea' id='block_1_6' title="bbox 0 0 1714 5172">
    <p class='ocr_par' dir='ltr' id='par_1_10' title="bbox 0 0 1714 5172">
     <span class='ocr_line' id='line_1_41' title="bbox 0 0 1714 5172; baseline 0 0"><span class='ocrx_word' id='word_1_312' title='bbox 0 0 1714 5172; x_wconf 95' lang='lat' dir='ltr'><strong> </strong></span> 
     </span>
    </p>
   </div>
  </div>
 </body>
</html>
