3360 5172
417 357 461 425 86
785 359 852 428 DE
876 357 1151 430 SCACCARIO
1401 355 1433 452 [1
1447 363 1523 432 vie

417 533 677 601 examinandam
702 535 826 603 dantur
855 535 956 602 lusori
986 555 1054 603 non
1083 534 1128 601 de
1153 531 1235 600 fisco
1264 533 1323 602 sed
1350 534 1394 602 de
1424 547 1521 622 parte

416 637 620 704 vicecomitis
638 639 732 722 quasi
755 639 789 704 in
804 640 968 724 premium
985 639 1037 706 sui
1060 637 1194 706 laboris.
1238 637 1333 704 Tunc
1352 637 1533 724 eliguntur*

417 761 439 808 a
457 740 653 826 presidente,
668 742 720 809 vel
738 763 760 810 a
776 742 979 810 thesaurario
996 743 1024 807 si
1045 741 1101 808 ille
1120 741 1239 809 absens
1257 739 1365 825 suerit,
1379 743 1435 808 alii
1450 744 1520 810 duo

416 845 628 914 vicecomites
647 855 685 912 vt
703 845 803 913 simul
817 868 893 914 cum
909 845 1103 932 argentario,
1122 865 1252 912 necnon
1268 855 1303 912 et
1323 845 1521 915 vicecomite

388 975 403 1027 a
418 949 510 1017 cuius
524 969 668 1016 examen
683 949 868 1016 iaciendum
886 959 946 1030 est,
965 950 1149 1034 procedant
1166 949 1211 1017 ad
1226 949 1337 1035 ignem
1357 949 1413 1015 vbi
1427 949 1520 1018 fusor

417 1063 497 1122 ante
518 1055 733 1138 premonitus,
754 1055 937 1138 preparatis
958 1053 1159 1136 necessariis,
1176 1072 1292 1120 eorum
1315 1053 1520 1138 prestolatur

416 1157 608 1225 aduentum.
654 1157 705 1224 lbi
720 1157 840 1224 iterum
856 1167 1007 1244 presente
1022 1155 1131 1224 fusore
1150 1165 1185 1223 et
1198 1157 1263 1222 hiis
1277 1157 1336 1243 qui
1350 1177 1372 1224 a
1387 1157 1518 1224 baroni-

416 1259 481 1327 bus
496 1260 587 1326 missi
609 1268 689 1327 sunt
702 1259 879 1345 diligenter
900 1269 1135 1346 computantur
1156 1269 1191 1328 et
1211 1261 1314 1326 lusori
1333 1263 1518 1328 traduntur.

417 1363 512 1450 Quos
533 1363 588 1429 ille
610 1364 789 1450 suscipiens
804 1384 906 1430 manu
920 1363 1053 1449 propria
1075 1374 1227 1432 numerat
1246 1366 1344 1431 etsie
1366 1366 1515 1450 disponit

372 1484 475 1534 xoeos
500 1467 534 1534 in
558 1468 729 1534 vasculum
753 1468 933 1554 ignitorum
960 1469 1108 1534 cinerum
1128 1469 1219 1555 quod
1242 1469 1276 1534 in
1300 1468 1432 1536 fornace
1454 1482 1516 1539 est.

416 1571 513 1636 Tunc
528 1571 636 1657 igitur,
648 1573 729 1638 artis
739 1571 860 1638 lusorie
874 1570 949 1657 lege
962 1583 1104 1654 seruata,
1116 1573 1236 1659 redigit
1247 1594 1306 1639 eos
1317 1574 1349 1638 in
1361 1594 1516 1652 massam,

417 1674 564 1741 conflans
578 1683 612 1740 et
627 1677 808 1741 emundans
818 1683 1005 1758 argentum.
1050 1675 1207 1744 Ceterum
1218 1676 1403 1743 cauendum
1419 1687 1469 1743 est
1484 1678 1516 1744 ei

416 1799 461 1845 ne
484 1777 569 1844 citra
590 1779 771 1864 perlectum
793 1779 953 1846 subsistat
974 1780 1029 1847 vel
1054 1780 1252 1864 importunis
1274 1781 1515 1848 estuationibus

374 1891 403 1945 Η
416 1892 517 1949 vexet
528 1883 609 1949 illud
620 1892 722 1967 atque
732 1892 908 1949 consumat
922 1902 931 1964 3
953 1883 1034 1949 illud
1046 1895 1183 1970 propter
1193 1883 1290 1970 regis,
1301 1883 1366 1950 hoc
1377 1894 1516 1970 propter

371 2004 402 2057 15
414 1986 621 2054 vicecomitis
648 1986 831 2066 iacturam;
865 1986 925 2052 sed
955 1989 1063 2053 modis
1092 1988 1247 2055 omnibus
1277 1989 1452 2073 prouideat
1480 1998 1517 2055 et

414 2100 540 2176 quanta
565 2099 719 2174 procuret
743 2089 903 2156 industria
928 2099 965 2155 vt
991 2109 1059 2157 non
1082 2101 1224 2158 vexetur
1245 2091 1304 2156 sed
1329 2091 1372 2156 ad
1394 2111 1513 2174 purum

414 2203 547 2263 tantum
573 2201 788 2276 excoquatur.
832 2192 908 2259 Hoc
929 2202 1043 2260 autem
1065 2194 1176 2279 ipsum
1193 2195 1369 2279 prouidere
1390 2194 1515 2261 debent

415 2298 462 2364 hii
494 2297 552 2381 qui
581 2297 624 2363 ad
655 2297 746 2363 idem
776 2297 866 2362 missi
894 2306 972 2363 sunt
986 2307 1018 2363 'a
1047 2299 1236 2365 maioribus.
1280 2299 1387 2364 Facto
1413 2297 1515 2382 igitur

396 2401 568 2482 ‚examine
588 2401 694 2467 desert
714 2399 796 2466 illud
822 2401 1026 2487 argentarius
1049 2402 1093 2468 ad
1118 2401 1256 2468 barones
1279 2401 1514 2469 comitantibus

368 2529 403 2572 se
414 2504 487 2587 illis,
498 2516 533 2571 et
548 2515 626 2571 tune
643 2504 678 2570 in
697 2505 846 2570 omnium
861 2504 965 2570 oculis
977 2507 1138 2591 ponderat
1150 2505 1231 2572 illud
1249 2526 1325 2572 cum
1340 2505 1425 2572 libra
1438 2526 1514 2590 pre·

412 2609 502 2676 dicta
518 2609 673 2692 ponderis
688 2630 696 2689 ;
723 2608 857 2693 supplet
868 2618 981 2675 autem
998 2630 1079 2674 mox
1094 2611 1185 2693 quod
1200 2611 1285 2696 ignis
1295 2610 1514 2694 consumpsit,

413 2714 575 2800 appositis
586 2712 730 2778 denariis
740 2713 890 2780 eiusdem
901 2711 1000 2780 loculi
1012 2713 1119 2781 donec
1129 2713 1513 2798 equilibritersehabeat

413 2837 558 2884 examen
576 2836 652 2883 cum
664 2817 820 2902 pondere
864 2817 962 2882 Tunc
976 2817 1165 2884 inscribitur
1180 2817 1269 2884 idem
1284 2839 1440 2898 examen,
1455 2819 1513 2882 de-

413 2943 513 3009 super
527 2924 628 2989 ducta
638 2931 738 2999 creta,
748 2921 813 2987 hiis
826 2922 961 2999 verbis,‘
974 2922 1221 2991 Euerwicscira.
1261 2923 1365 2990 Libra
1373 2924 1453 2988 arsit
1461 2933 1513 2990 tot

368 3057 399 3110 ²5
412 3027 466 3094 vel
485 3037 537 3094 tot
558 3025 719 3108 denariis,’
734 3036 768 3093 et
790 3035 870 3092 tunc
892 3025 975 3092 illud
996 3027 1138 3093 essaium
1160 3027 1289 3093 dicitur.
1327 3028 1406 3093 Non
1424 3027 1511 3091 enim

414 3130 604 3198 inscribitur
617 3131 679 3196 nisi
695 3150 912 3216 preconcesso
926 3131 1018 3215 quod
1034 3131 1081 3198 sic
1095 3141 1183 3198 stare
1197 3131 1328 3198 debeat.
1367 3128 1469 3215 Quod
1483 3131 1512 3196 si

411 3235 595 3302 vicecomes
619 3235 713 3301 cuius
739 3245 791 3301 est
816 3233 1058 3319 calumpniatus
1081 3233 1180 3302 luerit
1205 3234 1287 3300 illud
1315 3235 1410 3318 quasi
1437 3234 1512 3318 plus

410 3339 499 3404 iusto
518 3348 754 3422 consumptum
776 3337 885 3414 suerit,
915 3337 999 3422 ignis
1024 3337 1149 3405 scilicet
1174 3358 1218 3404 ex
1244 3339 1429 3404 estuatione
1457 3336 1510 3402 vel

410 3440 541 3527 plumbi
566 3441 737 3521 infusione,
757 3439 810 3506 vel
832 3441 932 3506 etiam
956 3439 1048 3506 lusor
1073 3441 1144 3525 ipse
1167 3441 1316 3526 qualibet
1337 3442 1510 3510 occasione

366 3572 399 3623 30
411 3545 570 3610 deiecisse
585 3544 728 3611 fateatur
739 3565 893 3624 examen,
907 3544 1027 3610 iterum
1041 3555 1256 3612 numerentur
1270 3565 1330 3612 xx.
1340 3543 1438 3609 solidi
1453 3543 1511 3628 qui

410 3639 532 3714 residui
544 3649 664 3714 suntin
677 3648 787 3714 loculo
798 3649 950 3733 predicto
961 3668 1074 3715 coram
1085 3649 1273 3725 baronibus,
1284 3648 1370 3714 sicut
1384 3648 1510 3714 dictum

410 3761 473 3830 est,
492 3760 526 3816 et
547 3752 665 3817 eadem
685 3752 815 3817 ratione
828 3760 961 3817 seruata
974 3751 1035 3817 fiat
1054 3772 1206 3819 examen.
1244 3751 1335 3816 Hinc
1349 3751 1411 3818 tibi
1429 3771 1509 3816 con·

409 3864 499 3920 stare
515 3863 626 3940 potest
647 3875 715 3940 qua
729 3854 993 3921 consideratione
1006 3856 1050 3921 de
1068 3875 1188 3922 aceruo
1202 3877 1324 3940 magno
1339 3855 1509 3941 proposito

409 3960 550 4044 pecunie
564 3957 658 4024 xliiii.
673 3959 771 4025 solidi
786 3980 933 4026 seorsum
948 3960 992 4025 ab
1013 3960 1109 4026 initio
1123 3961 1299 4027 mittantur
1312 3961 1347 4025 in
1363 3959 1508 4027 loculum

362 4049 397 4156 ³}
410 4062 568 4146 apposito
575 4063 777 4130 vicecomitis
788 4063 908 4149 sigillo.
950 4065 1148 4132 Notandum
1161 4085 1240 4132 vero
1254 4074 1306 4130 est
1316 4065 1408 4148 quod
1418 4063 1511 4130 iusor

445 4248 461 4304 7
481 4235 525 4291 lbi
537 4252 591 4291 om.
603 4236 631 4289 R
733 4237 767 4293 16
785 4233 926 4307 procuret]
939 4253 991 4307 pro
1002 4235 1108 4293 cureR
1217 4247 1249 4304 17
1267 4235 1361 4307 ipsum
1372 4245 1469 4292 autern
1480 4235 1509 4290 R

409 4302 526 4376 debent]
540 4306 686 4363 dicuntN
737 4308 772 4363 26
786 4307 1030 4377 preconcessioN
1090 4307 1124 4364 28
1138 4307 1339 4379 consumptoC
1378 4316 1508 4366 exestua-

407 4377 486 4436 tione
496 4378 545 4434 N:
564 4376 793 4436 exestuationem
804 4378 833 4433 R
904 4392 935 4449 3¹
956 4377 1083 4450 predicto
1097 4377 1228 4436 loculoC
