3360 5172
393 407 456 474 104
758 392 826 460 DE
849 389 1123 463 SCACCARIO
1365 393 1396 489 [1
1410 399 1488 466 xis

389 588 503 634 verum
518 567 620 634 etiam
638 585 698 654 per
711 567 899 633 uniuersum
917 585 1058 652 regnum
1076 567 1274 652 presidentis
1289 571 1487 658 dignitatem

389 672 577 757 optinuerit
638 671 705 737 Hic
735 670 838 738 semel
867 671 1058 738 imminente
1086 671 1274 740 visitatione
1303 693 1487 755 nemorum,

389 795 492 861 quam
514 776 711 859 reguardam
732 774 834 860 vulgo
856 775 979 853 dicunt,
993 795 1060 861 que
1086 777 1185 843 tertio
1206 797 1295 843 anno
1316 777 1365 855 fit,
1384 778 1487 846 breue

388 881 475 966 regis
495 880 639 947 obtinuit
659 888 697 946 vt
718 880 850 963 quietus
870 888 959 946 esset
979 881 1024 946 ab
1045 879 1106 945 hiis
1127 900 1194 966 que
1216 882 1259 946 de
1278 890 1366 948 terra
1384 883 1487 968 ipsius

360 999 449 1072 tpro
480 985 613 1050 essartis
645 983 873 1069 exigebantur,
904 985 1059 1070 apposito
1094 1005 1232 1052 numero
1264 987 1321 1071 qui
1350 987 1394 1052 de
1421 987 1485 1054 hiis

389 1088 582 1174 exurgebat.
628 1086 705 1172 Quo
725 1087 837 1155 delato
858 1098 893 1155 et
912 1087 998 1154 lecto
1015 1090 1059 1156 ad
1079 1091 1281 1156 scaccarium
1302 1091 1334 1155 in
1351 1089 1485 1177 publico

388 1194 567 1278 stupebant
596 1207 711 1258 omnes
733 1203 768 1258 et
794 1193 1008 1272 mirabantur,
1028 1192 1177 1260 dicentes
1201 1193 1345 1260 ‘Nonne
1372 1213 1485 1261 comes

387 1299 450 1364 iste
480 1297 666 1363 libertatem
696 1305 843 1363 nostram
872 1295 1058 1363 infirmatt’
1114 1297 1355 1364 contuentibus
1384 1299 1486 1383 igitur

387 1424 423 1468 se
441 1403 582 1468 inuicem
604 1402 660 1485 qui
682 1401 872 1467 assidebant
892 1419 1033 1467 exorsus
1051 1410 1103 1467 est
1124 1399 1226 1468 felicis
1246 1403 1405 1469 memorie
1423 1405 1484 1470 Ni·

344 1536 375 1574 ιο
387 1505 502 1592 gellus,
516 1517 595 1573 tunc
613 1505 765 1590 Elyensis
784 1506 969 1590 episcopus,
984 1505 1031 1569 sic
1049 1505 1201 1591 inquiens
1219 1526 1295 1570 cum
1311 1508 1483 1574 modestia

387 1609 554 1675 ‘Domine
572 1629 693 1688 comes,
707 1609 832 1675 irritam
850 1607 966 1674 iecisse
982 1606 1104 1674 videris
1119 1629 1178 1692 per
1195 1609 1260 1674 hoc
1278 1608 1379 1676 breu'e
1394 1631 1483 1678 scac-

386 1713 465 1779 carii
487 1713 693 1800 dignitatem,
708 1715 766 1796 qul
788 1712 983 1779 mandatum
1005 1713 1091 1796 regis
1112 1713 1156 1778 de
1176 1712 1241 1778 hiis
1261 1715 1360 1781 rebus
1379 1715 1484 1800 impe·

389 1817 483 1884 trasti
512 1839 533 1884 a
563 1817 682 1902 quibus
705 1817 787 1882 liber
816 1837 853 1882 es
882 1836 943 1900 per
971 1818 1149 1882 sessionem
1175 1819 1355 1896 scaccarii;
1391 1821 1485 1885 acsi

331 1939 335 1944 ·
387 1932 625 2008 consequenter
638 1923 761 1988 amodo
781 1942 840 2006 per
858 1920 968 1986 locum
983 1943 1004 1988 a
1025 1920 1138 1987 maiori
1154 1921 1276 1986 debeat
1295 1923 1411 1999 inferri,
1426 1927 1483 2007 qui

343 2051 374 2105 15
387 2028 429 2092 de
443 2027 576 2092 essartis
590 2026 692 2091 breue
707 2025 793 2110 regis
807 2045 874 2090 non
890 2025 1027 2105 obtinet,
1042 2025 1199 2090 solutioni
1219 2046 1302 2091 mox
1317 2027 1484 2093 obnoxius

387 2128 454 2196 fiat.
499 2127 568 2208 Set,
591 2127 683 2194 salua
705 2128 898 2207 reuerentia,
915 2129 1117 2214 perniciosus
1138 2138 1198 2205 est,
1213 2138 1349 2214 propter
1369 2149 1481 2195 exem-

386 2232 488 2317 plum,
501 2233 556 2298 hic
570 2231 788 2298 absolutionis
799 2231 941 2300 modus’
984 2232 1071 2299 Cum
1086 2232 1194 2316 igitur,
1207 2243 1244 2298 vt
1258 2232 1297 2298 fit
1312 2234 1346 2297 in
1360 2234 1482 2313 dubiis,

385 2335 519 2421 quidam
544 2334 600 2415 sic,
625 2335 761 2419 quidam
787 2335 882 2401 aliter
910 2336 1077 2413 sentirent,
1103 2334 1222 2402 allatus
1251 2336 1359 2400 estin
1385 2335 1482 2403 huius

387 2439 432 2503 rei
453 2438 591 2505 validius
613 2447 854 2525 argumentum,
868 2438 996 2506 rotulus
1015 2439 1143 2505 annalis
1166 2440 1207 2504 de
1226 2447 1376 2524 tempore
1394 2441 1480 2524 regis

341 2575 372 2612 20
387 2542 471 2608 illius
498 2542 617 2627 magni,
643 2543 736 2609 cuius
761 2563 860 2629 supra
886 2542 1103 2626 meminimus,
1126 2545 1189 2610 sub
1210 2563 1277 2627 quo
1303 2543 1481 2629 plurimum

386 2645 534 2714 floruisse
556 2647 678 2712 dicitur
698 2647 842 2731 dignitas
860 2655 894 2712 et
913 2647 1053 2713 scientia
1075 2649 1237 2728 scaccarii,
1252 2657 1287 2713 et
1309 2649 1480 2720 inuentum

385 2763 436 2818 est
449 2751 572 2836 aliquid
588 2751 679 2835 quod
694 2751 849 2834 episcopo
862 2752 906 2815 de
921 2752 1082 2834 dignitate
1097 2752 1311 2816 residentium
1323 2752 1479 2839 alleganti

349 2879 371 2928 F
385 2877 567 2923 consonum
581 2855 763 2922 videbatur.
825 2853 956 2938 Quibus
970 2853 1093 2920 auditis
1111 2855 1281 2940 paulisper
1294 2857 1481 2923 deliberans

385 2981 495 3028 secum
511 2981 623 3026 comes
637 2961 684 3026 sic
695 2959 743 3026 ait
757 2960 895 3025 ‘Fateor
906 2979 961 3024 me
974 2979 1074 3042 super
1087 2958 1151 3024 hiis
1161 2960 1263 3024 breue
1278 2961 1363 3044 regis
1374 2961 1481 3044 impe-

340 3085 370 3136 25
385 3074 498 3144 trasse,
512 3086 578 3132 non
589 3075 625 3130 vt
636 3065 686 3130 ius
696 3073 844 3131 vestrum
856 3061 1064 3138 infirmarem,
1075 3072 1127 3128 set
1137 3071 1175 3127 vt
1189 3063 1235 3127 sic
1246 3063 1317 3129 sine
1328 3064 1481 3131 molestia

383 3169 582 3235 declinarem
622 3169 832 3254 inportunam
874 3167 980 3246 nimis,
1013 3166 1081 3251 regi
1117 3175 1231 3231 tamen
1267 3169 1480 3253 incognitam,

381 3251 580 3338 Alaniorum
603 3268 832 3338 exactionem?
877 3269 1050 3336 Abdicans
1072 3291 1151 3356 ergo
1177 3271 1278 3336 breue
1303 3293 1400 3339 suum
1420 3295 1480 3358 per

382 3373 569 3441 libertatem
585 3377 737 3441 sessionis
752 3375 913 3460 preelegit
922 3374 1060 3441 absolui.
1106 3375 1313 3442 Succedente
1327 3387 1480 3462 ternpore

382 3500 458 3546 cum
485 3481 652 3564 predictus
681 3482 855 3565 episcopus
878 3479 1069 3545 infirmitate
1094 3482 1248 3547 detentus
1272 3483 1389 3550 adesse
1412 3504 1479 3550 non

337 3617 370 3668 30
383 3595 504 3668 posset,
529 3604 584 3650 me
610 3585 685 3667 ipso
707 3584 884 3669 supplente
907 3587 951 3650 ad
975 3585 1174 3650 scaccarium
1199 3587 1289 3651 vices
1316 3586 1419 3671 ipsius
1445 3589 1479 3653 in

382 3688 500 3772 quibus
529 3699 690 3774 poteram,
719 3689 859 3772 contigit
892 3699 1017 3756 essarta
1045 3689 1137 3756 solui.
1195 3690 1281 3757 Cum
1319 3713 1400 3776 ergo
1436 3695 1479 3760 de

381 3793 530 3858 dominio
550 3793 619 3858 eius
633 3804 754 3859 exacta
775 3795 988 3872 soluerentur,
1004 3804 1141 3878 questus
1163 3815 1237 3859 sum
1256 3795 1290 3859 in
1310 3796 1480 3879 publicum

381 3895 528 3981 allegans
544 3895 593 3961 ius
608 3897 830 3964 absolutionis.
877 3897 931 3962 De
950 3897 1117 3965 communi
1134 3918 1214 3982 ergo
1235 3899 1384 3964 omnium
1399 3921 1478 3966 con-

381 4000 455 4066 silio
471 4008 506 4065 et
525 4001 793 4085 consideratione,
808 4021 875 4086 que
892 4001 959 4067 iam
977 3998 1087 4067 soluta
1106 4000 1214 4068 fuerat
1230 4003 1309 4068 mihi
1327 4003 1480 4070 restituta

418 4199 644 4256 retiamom.R
696 4199 853 4270 4terrisC
897 4197 1096 4272 spronerR
1148 4209 1339 4267 yomnesstu
1375 4200 1484 4258 bsntC

381 4271 597 4341 9NichellusC
642 4272 859 4328 sotuncom.R
919 4285 953 4339 14
964 4270 1069 4327 amodo
1079 4270 1173 4326 ΜΚ
1228 4283 1260 4338 17
1273 4270 1344 4327 abso
1355 4272 1480 4329 itationis

380 4343 418 4398 N
476 4356 509 4412 19
526 4341 685 4398 validusN
739 4341 1112 4412 validius...regisom.R
1164 4341 1479 4401 ssetanteinuentum

381 4415 473 4471 om.R
538 4427 572 4470 aa
590 4415 666 4487 quod
677 4413 770 4470 om.R
841 4425 877 4482 24
888 4429 934 4470 me
945 4413 1038 4469 om.R
1108 4426 1143 4484 30
1162 4411 1344 4470 vicest
