<?xml version="1.0" encoding="UTF-8"?>
<!DOCTYPE html PUBLIC "-//W3C//DTD XHTML 1.0 Transitional//EN"
    "http://www.w3.org/TR/xhtml1/DTD/xhtml1-transitional.dtd">
<html xmlns="http://www.w3.org/1999/xhtml" xml:lang="en" lang="en">
 <head>
  <title>
</title>
<meta http-equiv="Content-Type" content="text/html;charset=utf-8" />
  <meta name='ocr-system' content='tesseract 3.04.00' />
  <meta name='ocr-capabilities' content='ocr_page ocr_carea ocr_par ocr_line ocrx_word'/>
</head>
<body>
  <div class='ocr_page' id='page_1' title='image "./denecessariisob01fitzgoog_0162.png"; bbox 0 0 3360 5172; ppageno 0'>
   <div class='ocr_carea' id='block_1_1' title="bbox 397 336 1508 444">
    <p class='ocr_par' dir='ltr' id='par_1_1' title="bbox 397 336 1508 444">
     <span class='ocr_line' id='line_1_1' title="bbox 397 336 1508 444; baseline -0.002 -30"><span class='ocrx_word' id='word_1_1' title='bbox 397 359 460 430; x_wconf 79' lang='lat'>150</span> <span class='ocrx_word' id='word_1_2' title='bbox 765 341 831 410; x_wconf 78' lang='lat' dir='ltr'>nu</span> <span class='ocrx_word' id='word_1_3' title='bbox 855 338 1131 411; x_wconf 78' lang='lat' dir='ltr'>scnccsnro</span> <span class='ocrx_word' id='word_1_4' title='bbox 1364 336 1508 444; x_wconf 62' lang='lat' dir='ltr'>[axin</span> 
     </span>
    </p>
   </div>
   <div class='ocr_carea' id='block_1_2' title="bbox 302 511 1509 4224">
    <p class='ocr_par' dir='ltr' id='par_1_2' title="bbox 353 511 1509 910">
     <span class='ocr_line' id='line_1_2' title="bbox 353 511 1509 604; baseline 0.002 -22"><span class='ocrx_word' id='word_1_5' title='bbox 353 555 356 561; x_wconf 90' lang='lat'>·</span> <span class='ocrx_word' id='word_1_6' title='bbox 394 525 516 604; x_wconf 83' lang='lat' dir='ltr'>sponte</span> <span class='ocrx_word' id='word_1_7' title='bbox 531 514 620 582; x_wconf 82' lang='lat' dir='ltr'>visua</span> <span class='ocrx_word' id='word_1_8' title='bbox 638 523 689 580; x_wconf 77' lang='lat' dir='ltr'>est</span> <span class='ocrx_word' id='word_1_9' title='bbox 708 513 869 598; x_wconf 81' lang='lat' dir='ltr'><strong>optulisse</strong></span> <span class='ocrx_word' id='word_1_10' title='bbox 883 523 921 580; x_wconf 86' lang='lat' dir='ltr'>vt</span> <span class='ocrx_word' id='word_1_11' title='bbox 940 514 989 580; x_wconf 87' lang='lat' dir='ltr'>sic</span> <span class='ocrx_word' id='word_1_12' title='bbox 1007 533 1028 580; x_wconf 88' lang='lat' dir='ltr'>a</span> <span class='ocrx_word' id='word_1_13' title='bbox 1047 511 1307 580; x_wconf 79' lang='lat' dir='ltr'>summonitione</span> <span class='ocrx_word' id='word_1_14' title='bbox 1325 511 1390 580; x_wconf 86' lang='lat' dir='ltr'>sibi</span> <span class='ocrx_word' id='word_1_15' title='bbox 1412 517 1509 584; x_wconf 85' lang='lat' dir='ltr'>iacta</span> 
     </span>
     <span class='ocr_line' id='line_1_3' title="bbox 395 616 1508 703; baseline 0 -17"><span class='ocrx_word' id='word_1_16' title='bbox 395 618 527 686; x_wconf 80' lang='lat' dir='ltr'>liberati</span> <span class='ocrx_word' id='word_1_17' title='bbox 542 619 659 699; x_wconf 87' lang='lat' dir='ltr'>valeat,</span> <span class='ocrx_word' id='word_1_18' title='bbox 679 637 721 683; x_wconf 88' lang='lat' dir='ltr'>ne</span> <span class='ocrx_word' id='word_1_19' title='bbox 741 639 763 684; x_wconf 91' lang='lat' dir='ltr'>a</span> <span class='ocrx_word' id='word_1_20' title='bbox 781 617 933 685; x_wconf 85' lang='lat' dir='ltr'>debitore</span> <span class='ocrx_word' id='word_1_21' title='bbox 952 616 1111 702; x_wconf 82' lang='lat' dir='ltr'>quolibet,</span> <span class='ocrx_word' id='word_1_22' title='bbox 1130 619 1188 701; x_wconf 90' lang='lat' dir='ltr'>qui</span> <span class='ocrx_word' id='word_1_23' title='bbox 1210 617 1281 703; x_wconf 82' lang='lat' dir='ltr'>regi</span> <span class='ocrx_word' id='word_1_24' title='bbox 1302 639 1370 684; x_wconf 93' lang='lat' dir='ltr'>non</span> <span class='ocrx_word' id='word_1_25' title='bbox 1390 621 1508 698; x_wconf 87' lang='lat' dir='ltr'>soluit,</span> 
     </span>
     <span class='ocr_line' id='line_1_4' title="bbox 396 721 1505 807; baseline -0.001 -18"><span class='ocrx_word' id='word_1_26' title='bbox 396 723 527 790; x_wconf 87' lang='lat' dir='ltr'>interim</span> <span class='ocrx_word' id='word_1_27' title='bbox 549 723 670 806; x_wconf 88' lang='lat' dir='ltr'>aliqua,</span> <span class='ocrx_word' id='word_1_28' title='bbox 690 743 757 806; x_wconf 89' lang='lat' dir='ltr'>que</span> <span class='ocrx_word' id='word_1_29' title='bbox 781 721 845 788; x_wconf 85' lang='lat' dir='ltr'>sibi</span> <span class='ocrx_word' id='word_1_30' title='bbox 868 722 953 788; x_wconf 90' lang='lat' dir='ltr'>iuste</span> <span class='ocrx_word' id='word_1_31' title='bbox 977 721 1195 802; x_wconf 80' lang='lat' dir='ltr'>debebantur,</span> <span class='ocrx_word' id='word_1_32' title='bbox 1210 723 1378 807; x_wconf 87' lang='lat' dir='ltr'>suscipiat.</span> <span class='ocrx_word' id='word_1_33' title='bbox 1422 723 1505 788; x_wconf 89' lang='lat' dir='ltr'>Non</span> 
     </span>
     <span class='ocr_line' id='line_1_5' title="bbox 395 825 1506 910; baseline -0.001 -17"><span class='ocrx_word' id='word_1_34' title='bbox 395 827 485 894; x_wconf 77' lang='lat' dir='ltr'>enias</span> <span class='ocrx_word' id='word_1_35' title='bbox 504 825 681 893; x_wconf 86' lang='lat' dir='ltr'>verisimile</span> <span class='ocrx_word' id='word_1_36' title='bbox 697 837 748 892; x_wconf 89' lang='lat' dir='ltr'>est</span> <span class='ocrx_word' id='word_1_37' title='bbox 771 846 837 892; x_wconf 91' lang='lat' dir='ltr'>non</span> <span class='ocrx_word' id='word_1_38' title='bbox 860 845 957 910; x_wconf 84' lang='lat' dir='ltr'>posse</span> <span class='ocrx_word' id='word_1_39' title='bbox 970 825 1201 892; x_wconf 68' lang='lat' dir='ltr'>moecnmitem</span> <span class='ocrx_word' id='word_1_40' title='bbox 1219 826 1263 892; x_wconf 90' lang='lat' dir='ltr'>de</span> <span class='ocrx_word' id='word_1_41' title='bbox 1279 825 1408 892; x_wconf 75' lang='lat' dir='ltr'>catalus</span> <span class='ocrx_word' id='word_1_42' title='bbox 1430 827 1506 892; x_wconf 81' lang='lat' dir='ltr'>eius</span> 
     </span>
    </p>

    <p class='ocr_par' dir='ltr' id='par_1_3' title="bbox 367 926 1506 1427">
     <span class='ocr_line' id='line_1_6' title="bbox 367 926 1506 1016; baseline -0.002 -18"><span class='ocrx_word' id='word_1_43' title='bbox 367 931 567 1014; x_wconf 60' lang='lat' dir='ltr'>,inuenisse</span> <span class='ocrx_word' id='word_1_44' title='bbox 594 951 653 1016; x_wconf 84' lang='lat' dir='ltr'>per</span> <span class='ocrx_word' id='word_1_45' title='bbox 681 950 747 1014; x_wconf 89' lang='lat' dir='ltr'>que</span> <span class='ocrx_word' id='word_1_46' title='bbox 772 931 841 1015; x_wconf 83' lang='lat' dir='ltr'>regi</span> <span class='ocrx_word' id='word_1_47' title='bbox 870 929 988 996; x_wconf 85' lang='lat' dir='ltr'>debita</span> <span class='ocrx_word' id='word_1_48' title='bbox 1012 947 1143 994; x_wconf 84' lang='lat' dir='ltr'>summa</span> <span class='ocrx_word' id='word_1_49' title='bbox 1167 926 1325 1010; x_wconf 87' lang='lat' dir='ltr'>soluatur,</span> <span class='ocrx_word' id='word_1_50' title='bbox 1350 929 1407 1014; x_wconf 90' lang='lat' dir='ltr'>qui</span> <span class='ocrx_word' id='word_1_51' title='bbox 1438 932 1506 1014; x_wconf 84' lang='lat' dir='ltr'>ipsi</span> 
     </span>
     <span class='ocr_line' id='line_1_7' title="bbox 395 1031 1506 1118; baseline -0.003 -16"><span class='ocrx_word' id='word_1_52' title='bbox 395 1035 594 1114; x_wconf 80' lang='lat' dir='ltr'>vicecomiti,</span> <span class='ocrx_word' id='word_1_53' title='bbox 608 1045 730 1118; x_wconf 87' lang='lat' dir='ltr'>sponte</span> <span class='ocrx_word' id='word_1_54' title='bbox 746 1033 799 1100; x_wconf 89' lang='lat' dir='ltr'>vel</span> <span class='ocrx_word' id='word_1_55' title='bbox 823 1035 956 1113; x_wconf 85' lang='lat' dir='ltr'>inuitus,</span> <span class='ocrx_word' id='word_1_56' title='bbox 969 1033 1061 1116; x_wconf 91' lang='lat' dir='ltr'>quod</span> <span class='ocrx_word' id='word_1_57' title='bbox 1083 1033 1319 1116; x_wconf 83' lang='lat' dir='ltr'>requirebatur,</span> <span class='ocrx_word' id='word_1_58' title='bbox 1345 1031 1506 1099; x_wconf 81' lang='lat' dir='ltr'>exsoluit.</span> 
     </span>
     <span class='ocr_line' id='line_1_8' title="bbox 395 1135 1504 1221; baseline -0.005 -14"><span class='ocrx_word' id='word_1_59' title='bbox 395 1139 435 1207; x_wconf 90' lang='lat' dir='ltr'>Si</span> <span class='ocrx_word' id='word_1_60' title='bbox 455 1149 569 1206; x_wconf 89' lang='lat' dir='ltr'>tamen</span> <span class='ocrx_word' id='word_1_61' title='bbox 589 1149 667 1205; x_wconf 92' lang='lat' dir='ltr'>ante</span> <span class='ocrx_word' id='word_1_62' title='bbox 681 1139 795 1204; x_wconf 87' lang='lat' dir='ltr'>datam</span> <span class='ocrx_word' id='word_1_63' title='bbox 810 1135 913 1202; x_wconf 85' lang='lat' dir='ltr'>fidem</span> <span class='ocrx_word' id='word_1_64' title='bbox 927 1157 986 1221; x_wconf 87' lang='lat' dir='ltr'>per</span> <span class='ocrx_word' id='word_1_65' title='bbox 1000 1154 1037 1202; x_wconf 84' lang='lat' dir='ltr'>sc</span> <span class='ocrx_word' id='word_1_66' title='bbox 1049 1135 1103 1202; x_wconf 88' lang='lat' dir='ltr'>vei</span> <span class='ocrx_word' id='word_1_67' title='bbox 1118 1155 1177 1219; x_wconf 89' lang='lat' dir='ltr'>per</span> <span class='ocrx_word' id='word_1_68' title='bbox 1190 1135 1293 1202; x_wconf 89' lang='lat' dir='ltr'>alium</span> <span class='ocrx_word' id='word_1_69' title='bbox 1307 1137 1504 1204; x_wconf 73' lang='lat' dir='ltr'>recordatum</span> 
     </span>
     <span class='ocr_line' id='line_1_9' title="bbox 395 1239 1505 1326; baseline -0.002 -18"><span class='ocrx_word' id='word_1_70' title='bbox 395 1241 495 1308; x_wconf 84' lang='lat' dir='ltr'>inerit</span> <span class='ocrx_word' id='word_1_71' title='bbox 509 1243 691 1308; x_wconf 77' lang='lat' dir='ltr'>vicecomes</span> <span class='ocrx_word' id='word_1_72' title='bbox 711 1242 754 1308; x_wconf 89' lang='lat' dir='ltr'>de</span> <span class='ocrx_word' id='word_1_73' title='bbox 773 1239 826 1306; x_wconf 86' lang='lat' dir='ltr'>his</span> <span class='ocrx_word' id='word_1_74' title='bbox 844 1239 956 1324; x_wconf 87' lang='lat' dir='ltr'>aliqua</span> <span class='ocrx_word' id='word_1_75' title='bbox 975 1261 1011 1306; x_wconf 83' lang='lat' dir='ltr'>se</span> <span class='ocrx_word' id='word_1_76' title='bbox 1030 1239 1218 1324; x_wconf 72' lang='lat' dir='ltr'>suscepisse,</span> <span class='ocrx_word' id='word_1_77' title='bbox 1232 1239 1286 1306; x_wconf 84' lang='lat' dir='ltr'>vei</span> <span class='ocrx_word' id='word_1_78' title='bbox 1304 1239 1407 1307; x_wconf 84' lang='lat' dir='ltr'>etiam</span> <span class='ocrx_word' id='word_1_79' title='bbox 1423 1250 1505 1326; x_wconf 84' lang='lat' dir='ltr'>post</span> 
     </span>
     <span class='ocr_line' id='line_1_10' title="bbox 395 1343 1504 1427; baseline -0.001 -15"><span class='ocrx_word' id='word_1_80' title='bbox 395 1347 519 1427; x_wconf 86' lang='lat' dir='ltr'>datam,</span> <span class='ocrx_word' id='word_1_81' title='bbox 534 1346 683 1412; x_wconf 88' lang='lat' dir='ltr'>nondum</span> <span class='ocrx_word' id='word_1_82' title='bbox 703 1353 818 1410; x_wconf 86' lang='lat' dir='ltr'>tamen</span> <span class='ocrx_word' id='word_1_83' title='bbox 836 1344 948 1410; x_wconf 87' lang='lat' dir='ltr'>soluto</span> <span class='ocrx_word' id='word_1_84' title='bbox 965 1344 1130 1410; x_wconf 80' lang='lat' dir='ltr'>scaccario</span> <span class='ocrx_word' id='word_1_85' title='bbox 1149 1343 1218 1410; x_wconf 88' lang='lat' dir='ltr'>diei</span> <span class='ocrx_word' id='word_1_86' title='bbox 1239 1343 1337 1424; x_wconf 83' lang='lat' dir='ltr'>illius,</span> <span class='ocrx_word' id='word_1_87' title='bbox 1352 1343 1417 1411; x_wconf 89' lang='lat' dir='ltr'>boc</span> <span class='ocrx_word' id='word_1_88' title='bbox 1440 1355 1504 1420; x_wconf 71' lang='lat' dir='ltr'>cst,</span> 
     </span>
    </p>

    <p class='ocr_par' dir='ltr' id='par_1_4' title="bbox 351 1449 1503 1948">
     <span class='ocr_line' id='line_1_11' title="bbox 351 1449 1503 1534; baseline -0.002 -18"><span class='ocrx_word' id='word_1_89' title='bbox 351 1451 477 1516; x_wconf 80' lang='lat' dir='ltr'>rodurn</span> <span class='ocrx_word' id='word_1_90' title='bbox 506 1459 682 1534; x_wconf 86' lang='lat' dir='ltr'>compotus</span> <span class='ocrx_word' id='word_1_91' title='bbox 711 1449 782 1515; x_wconf 85' lang='lat' dir='ltr'>eiua</span> <span class='ocrx_word' id='word_1_92' title='bbox 811 1467 925 1514; x_wconf 82' lang='lat' dir='ltr'>recem</span> <span class='ocrx_word' id='word_1_93' title='bbox 952 1456 1015 1528; x_wconf 81' lang='lat' dir='ltr'>est,</span> <span class='ocrx_word' id='word_1_94' title='bbox 1039 1457 1074 1514; x_wconf 91' lang='lat' dir='ltr'>et</span> <span class='ocrx_word' id='word_1_95' title='bbox 1098 1449 1233 1514; x_wconf 84' lang='lat' dir='ltr'>veniens</span> <span class='ocrx_word' id='word_1_96' title='bbox 1264 1449 1298 1514; x_wconf 90' lang='lat' dir='ltr'>in</span> <span class='ocrx_word' id='word_1_97' title='bbox 1328 1449 1503 1533; x_wconf 85' lang='lat' dir='ltr'>pubiicum</span> 
     </span>
     <span class='ocr_line' id='line_1_12' title="bbox 394 1551 1503 1640; baseline -0.001 -20"><span class='ocrx_word' id='word_1_98' title='bbox 394 1553 532 1639; x_wconf 86' lang='lat' dir='ltr'>querula</span> <span class='ocrx_word' id='word_1_99' title='bbox 546 1575 628 1620; x_wconf 85' lang='lat' dir='ltr'>voce</span> <span class='ocrx_word' id='word_1_100' title='bbox 641 1573 677 1618; x_wconf 85' lang='lat' dir='ltr'>se</span> <span class='ocrx_word' id='word_1_101' title='bbox 692 1552 835 1640; x_wconf 83' lang='lat' dir='ltr'>suscepti</span> <span class='ocrx_word' id='word_1_102' title='bbox 849 1562 929 1620; x_wconf 76' lang='lat' dir='ltr'>turm</span> <span class='ocrx_word' id='word_1_103' title='bbox 945 1551 1164 1618; x_wconf 82' lang='lat' dir='ltr'>inmemorem</span> <span class='ocrx_word' id='word_1_104' title='bbox 1182 1552 1359 1633; x_wconf 82' lang='lat' dir='ltr'>exstitisse,</span> <span class='ocrx_word' id='word_1_105' title='bbox 1374 1551 1442 1618; x_wconf 87' lang='lat' dir='ltr'>fide</span> <span class='ocrx_word' id='word_1_106' title='bbox 1456 1554 1503 1619; x_wconf 87' lang='lat' dir='ltr'>de</span> 
     </span>
     <span class='ocr_line' id='line_1_13' title="bbox 394 1654 1502 1740; baseline -0.002 -16"><span class='ocrx_word' id='word_1_107' title='bbox 394 1657 447 1724; x_wconf 88' lang='lat' dir='ltr'>his</span> <span class='ocrx_word' id='word_1_108' title='bbox 466 1657 592 1737; x_wconf 83' lang='lat' dir='ltr'>oblata,</span> <span class='ocrx_word' id='word_1_109' title='bbox 605 1655 800 1724; x_wconf 85' lang='lat' dir='ltr'>confirmare</span> <span class='ocrx_word' id='word_1_110' title='bbox 813 1654 965 1734; x_wconf 87' lang='lat' dir='ltr'>voluerit,</span> <span class='ocrx_word' id='word_1_111' title='bbox 977 1663 1164 1740; x_wconf 79' lang='lat' dir='ltr'>smceptam</span> <span class='ocrx_word' id='word_1_112' title='bbox 1184 1675 1348 1722; x_wconf 85' lang='lat' dir='ltr'>summam</span> <span class='ocrx_word' id='word_1_113' title='bbox 1363 1657 1502 1722; x_wconf 79' lang='lat' dir='ltr'>nomme</span> 
     </span>
     <span class='ocr_line' id='line_1_14' title="bbox 395 1755 1502 1846; baseline -0.003 -19"><span class='ocrx_word' id='word_1_114' title='bbox 395 1761 554 1828; x_wconf 84' lang='lat' dir='ltr'>debitoris</span> <span class='ocrx_word' id='word_1_115' title='bbox 572 1760 763 1846; x_wconf 78' lang='lat' dir='ltr'>persolvens</span> <span class='ocrx_word' id='word_1_116' title='bbox 783 1758 987 1826; x_wconf 82' lang='lat' dir='ltr'>liberabitur.</span> <span class='ocrx_word' id='word_1_117' title='bbox 1031 1755 1068 1824; x_wconf 89' lang='lat' dir='ltr'>Si</span> <span class='ocrx_word' id='word_1_118' title='bbox 1086 1778 1175 1839; x_wconf 84' lang='lat' dir='ltr'>vero,</span> <span class='ocrx_word' id='word_1_119' title='bbox 1195 1761 1286 1842; x_wconf 90' lang='lat' dir='ltr'>quod</span> <span class='ocrx_word' id='word_1_120' title='bbox 1306 1757 1403 1838; x_wconf 85' lang='lat' dir='ltr'>absit,</span> <span class='ocrx_word' id='word_1_121' title='bbox 1422 1769 1502 1844; x_wconf 84' lang='lat' dir='ltr'>post</span> 
     </span>
     <span class='ocr_line' id='line_1_15' title="bbox 394 1861 1500 1948; baseline -0.001 -19"><span class='ocrx_word' id='word_1_122' title='bbox 394 1863 496 1932; x_wconf 85' lang='lat' dir='ltr'>fidem</span> <span class='ocrx_word' id='word_1_123' title='bbox 512 1866 635 1944; x_wconf 86' lang='lat' dir='ltr'>datam,</span> <span class='ocrx_word' id='word_1_124' title='bbox 650 1873 726 1948; x_wconf 83' lang='lat' dir='ltr'>post</span> <span class='ocrx_word' id='word_1_125' title='bbox 745 1862 890 1930; x_wconf 88' lang='lat' dir='ltr'>solutum</span> <span class='ocrx_word' id='word_1_126' title='bbox 910 1861 1119 1940; x_wconf 82' lang='lat' dir='ltr'>scaccariunn,</span> <span class='ocrx_word' id='word_1_127' title='bbox 1131 1881 1193 1947; x_wconf 86' lang='lat' dir='ltr'>per</span> <span class='ocrx_word' id='word_1_128' title='bbox 1203 1861 1309 1930; x_wconf 81' lang='lat' dir='ltr'>alium</span> <span class='ocrx_word' id='word_1_129' title='bbox 1326 1861 1390 1928; x_wconf 89' lang='lat' dir='ltr'>hoc</span> <span class='ocrx_word' id='word_1_130' title='bbox 1405 1863 1500 1928; x_wconf 86' lang='lat' dir='ltr'>inno-</span> 
     </span>
    </p>

    <p class='ocr_par' dir='ltr' id='par_1_5' title="bbox 353 1965 1501 2468">
     <span class='ocr_line' id='line_1_16' title="bbox 353 1965 1501 2052; baseline -0.003 -18"><span class='ocrx_word' id='word_1_131' title='bbox 353 1997 382 2052; x_wconf 76' lang='lat'>¹5</span> <span class='ocrx_word' id='word_1_132' title='bbox 395 1970 506 2048; x_wconf 90' lang='lat' dir='ltr'>tuerit,</span> <span class='ocrx_word' id='word_1_133' title='bbox 520 1985 587 2034; x_wconf 92' lang='lat' dir='ltr'>non</span> <span class='ocrx_word' id='word_1_134' title='bbox 609 1968 676 2032; x_wconf 89' lang='lat' dir='ltr'>iam</span> <span class='ocrx_word' id='word_1_135' title='bbox 694 1977 850 2050; x_wconf 84' lang='lat' dir='ltr'>suscepta</span> <span class='ocrx_word' id='word_1_136' title='bbox 867 1976 997 2032; x_wconf 88' lang='lat' dir='ltr'>tautum</span> <span class='ocrx_word' id='word_1_137' title='bbox 1015 1966 1149 2033; x_wconf 83' lang='lat' dir='ltr'>soluens</span> <span class='ocrx_word' id='word_1_138' title='bbox 1165 1965 1356 2034; x_wconf 86' lang='lat' dir='ltr'>absoluetur</span> <span class='ocrx_word' id='word_1_139' title='bbox 1369 1976 1421 2032; x_wconf 85' lang='lat' dir='ltr'>set</span> <span class='ocrx_word' id='word_1_140' title='bbox 1438 1985 1501 2050; x_wconf 86' lang='lat' dir='ltr'>pro</span> 
     </span>
     <span class='ocr_line' id='line_1_17' title="bbox 395 2069 1499 2158; baseline -0.001 -21"><span class='ocrx_word' id='word_1_141' title='bbox 395 2090 533 2138; x_wconf 83' lang='lat' dir='ltr'>excessu</span> <span class='ocrx_word' id='word_1_142' title='bbox 559 2089 621 2136; x_wconf 84' lang='lat' dir='ltr'>suo</span> <span class='ocrx_word' id='word_1_143' title='bbox 642 2069 677 2134; x_wconf 90' lang='lat' dir='ltr'>in</span> <span class='ocrx_word' id='word_1_144' title='bbox 702 2069 788 2154; x_wconf 83' lang='lat' dir='ltr'>regis</span> <span class='ocrx_word' id='word_1_145' title='bbox 814 2069 1025 2154; x_wconf 88' lang='lat' dir='ltr'>beneplacito</span> <span class='ocrx_word' id='word_1_146' title='bbox 1052 2070 1248 2138; x_wconf 81' lang='lat' dir='ltr'>iudicandus</span> <span class='ocrx_word' id='word_1_147' title='bbox 1277 2069 1499 2158; x_wconf 77' lang='lat' dir='ltr'>pemmiariter</span> 
     </span>
     <span class='ocr_line' id='line_1_18' title="bbox 396 2175 558 2258; baseline -0.019 -18"><span class='ocrx_word' id='word_1_148' title='bbox 396 2175 558 2258; x_wconf 88' lang='lat' dir='ltr'>punietur.</span> 
     </span>
     <span class='ocr_line' id='line_1_19' title="bbox 440 2273 1499 2362; baseline -0.001 -19"><span class='ocrx_word' id='word_1_149' title='bbox 440 2278 611 2343; x_wconf 86' lang='lat' dir='ltr'>Postremo</span> <span class='ocrx_word' id='word_1_150' title='bbox 623 2273 851 2341; x_wconf 85' lang='lat' dir='ltr'>vicecomitem</span> <span class='ocrx_word' id='word_1_151' title='bbox 866 2277 1108 2344; x_wconf 80' lang='lat' dir='ltr'>commonuisse</span> <span class='ocrx_word' id='word_1_152' title='bbox 1127 2277 1269 2346; x_wconf 88' lang='lat' dir='ltr'>sufficiat</span> <span class='ocrx_word' id='word_1_153' title='bbox 1283 2285 1320 2344; x_wconf 87' lang='lat' dir='ltr'>vt</span> <span class='ocrx_word' id='word_1_154' title='bbox 1333 2287 1412 2362; x_wconf 85' lang='lat' dir='ltr'>post</span> <span class='ocrx_word' id='word_1_155' title='bbox 1425 2297 1499 2342; x_wconf 85' lang='lat' dir='ltr'>sns-</span> 
     </span>
     <span class='ocr_line' id='line_1_20' title="bbox 396 2379 1499 2468; baseline -0.001 -21"><span class='ocrx_word' id='word_1_156' title='bbox 396 2389 527 2466; x_wconf 86' lang='lat' dir='ltr'>ceptam</span> <span class='ocrx_word' id='word_1_157' title='bbox 547 2379 841 2446; x_wconf 88' lang='lat' dir='ltr'>summonitionem</span> <span class='ocrx_word' id='word_1_158' title='bbox 861 2380 1039 2466; x_wconf 83' lang='lat' dir='ltr'>diligenter</span> <span class='ocrx_word' id='word_1_159' title='bbox 1053 2383 1200 2468; x_wconf 88' lang='lat' dir='ltr'>inquirat</span> <span class='ocrx_word' id='word_1_160' title='bbox 1218 2401 1279 2468; x_wconf 87' lang='lat' dir='ltr'>per</span> <span class='ocrx_word' id='word_1_161' title='bbox 1291 2381 1499 2459; x_wconf 79' lang='lat' dir='ltr'>viciniam,si</span> 
     </span>
    </p>

    <p class='ocr_par' dir='ltr' id='par_1_6' title="bbox 352 2482 1500 2987">
     <span class='ocr_line' id='line_1_21' title="bbox 352 2482 1500 2568; baseline -0.002 -16"><span class='ocrx_word' id='word_1_162' title='bbox 352 2519 384 2562; x_wconf 67' lang='grc' dir='ltr'>,ο</span> <span class='ocrx_word' id='word_1_163' title='bbox 396 2485 445 2552; x_wconf 91' lang='lat' dir='ltr'>vir</span> <span class='ocrx_word' id='word_1_164' title='bbox 464 2485 522 2568; x_wconf 90' lang='lat' dir='ltr'>qui</span> <span class='ocrx_word' id='word_1_165' title='bbox 541 2482 704 2549; x_wconf 85' lang='lat' dir='ltr'>soluendo</span> <span class='ocrx_word' id='word_1_166' title='bbox 723 2502 790 2549; x_wconf 90' lang='lat' dir='ltr'>non</span> <span class='ocrx_word' id='word_1_167' title='bbox 810 2493 861 2550; x_wconf 79' lang='lat' dir='ltr'>est</span> <span class='ocrx_word' id='word_1_168' title='bbox 874 2505 1015 2551; x_wconf 85' lang='lat' dir='ltr'>vxorem</span> <span class='ocrx_word' id='word_1_169' title='bbox 1034 2488 1168 2564; x_wconf 87' lang='lat' dir='ltr'>ducens,</span> <span class='ocrx_word' id='word_1_170' title='bbox 1182 2484 1235 2552; x_wconf 88' lang='lat' dir='ltr'>vei</span> <span class='ocrx_word' id='word_1_171' title='bbox 1254 2485 1372 2552; x_wconf 87' lang='lat' dir='ltr'>mulier</span> <span class='ocrx_word' id='word_1_172' title='bbox 1385 2485 1500 2552; x_wconf 87' lang='lat' dir='ltr'>ditiori</span> 
     </span>
     <span class='ocr_line' id='line_1_22' title="bbox 396 2587 1499 2674; baseline -0.004 -18"><span class='ocrx_word' id='word_1_173' title='bbox 396 2589 532 2665; x_wconf 86' lang='lat' dir='ltr'>nubens,</span> <span class='ocrx_word' id='word_1_174' title='bbox 544 2588 596 2654; x_wconf 87' lang='lat' dir='ltr'>vel</span> <span class='ocrx_word' id='word_1_175' title='bbox 608 2588 727 2672; x_wconf 86' lang='lat' dir='ltr'>quouis</span> <span class='ocrx_word' id='word_1_176' title='bbox 740 2587 807 2656; x_wconf 88' lang='lat' dir='ltr'>alio</span> <span class='ocrx_word' id='word_1_177' title='bbox 821 2589 925 2656; x_wconf 89' lang='lat' dir='ltr'>modo</span> <span class='ocrx_word' id='word_1_178' title='bbox 936 2590 1087 2671; x_wconf 79' lang='lat' dir='ltr'>ditescat,</span> <span class='ocrx_word' id='word_1_179' title='bbox 1097 2599 1261 2674; x_wconf 74' lang='lat' dir='ltr'>quatenus</span> <span class='ocrx_word' id='word_1_180' title='bbox 1274 2590 1319 2656; x_wconf 90' lang='lat' dir='ltr'>de</span> <span class='ocrx_word' id='word_1_181' title='bbox 1334 2590 1499 2674; x_wconf 80' lang='lat' dir='ltr'>requisitis</span> 
     </span>
     <span class='ocr_line' id='line_1_23' title="bbox 394 2691 1499 2779; baseline -0.004 -17"><span class='ocrx_word' id='word_1_182' title='bbox 394 2691 583 2762; x_wconf 81' lang='lat' dir='ltr'>satisfacere</span> <span class='ocrx_word' id='word_1_183' title='bbox 602 2692 733 2771; x_wconf 88' lang='lat' dir='ltr'>valeat;</span> <span class='ocrx_word' id='word_1_184' title='bbox 763 2695 856 2778; x_wconf 89' lang='lat' dir='ltr'>quod</span> <span class='ocrx_word' id='word_1_185' title='bbox 876 2694 904 2758; x_wconf 90' lang='lat' dir='ltr'>si</span> <span class='ocrx_word' id='word_1_186' title='bbox 925 2694 1096 2760; x_wconf 88' lang='lat' dir='ltr'>inuentum</span> <span class='ocrx_word' id='word_1_187' title='bbox 1116 2693 1224 2774; x_wconf 78' lang='lat' dir='ltr'>suerit,</span> <span class='ocrx_word' id='word_1_188' title='bbox 1241 2705 1377 2779; x_wconf 83' lang='lat' dir='ltr'>propter</span> <span class='ocrx_word' id='word_1_189' title='bbox 1396 2692 1499 2760; x_wconf 88' lang='lat' dir='ltr'>fidem</span> 
     </span>
     <span class='ocr_line' id='line_1_24' title="bbox 394 2794 1498 2884; baseline -0.003 -19"><span class='ocrx_word' id='word_1_190' title='bbox 394 2798 599 2865; x_wconf 84' lang='lat' dir='ltr'>vicecomitis</span> <span class='ocrx_word' id='word_1_191' title='bbox 626 2794 756 2864; x_wconf 84' lang='lat' dir='ltr'>soluere</span> <span class='ocrx_word' id='word_1_192' title='bbox 784 2797 1012 2882; x_wconf 84' lang='lat' dir='ltr'>compellatur.</span> <span class='ocrx_word' id='word_1_193' title='bbox 1060 2797 1163 2884; x_wconf 86' lang='lat' dir='ltr'>Quod</span> <span class='ocrx_word' id='word_1_194' title='bbox 1191 2797 1220 2864; x_wconf 90' lang='lat' dir='ltr'>si</span> <span class='ocrx_word' id='word_1_195' title='bbox 1249 2798 1351 2866; x_wconf 89' lang='lat' dir='ltr'>nichil</span> <span class='ocrx_word' id='word_1_196' title='bbox 1378 2797 1498 2864; x_wconf 87' lang='lat' dir='ltr'>borum</span> 
     </span>
     <span class='ocr_line' id='line_1_25' title="bbox 394 2900 1498 2987; baseline -0.003 -20"><span class='ocrx_word' id='word_1_197' title='bbox 394 2903 567 2969; x_wconf 88' lang='lat' dir='ltr'>inuentum</span> <span class='ocrx_word' id='word_1_198' title='bbox 596 2901 703 2978; x_wconf 80' lang='lat' dir='ltr'>inerit,</span> <span class='ocrx_word' id='word_1_199' title='bbox 729 2902 853 2986; x_wconf 81' lang='lat' dir='ltr'>poterit</span> <span class='ocrx_word' id='word_1_200' title='bbox 878 2910 956 2967; x_wconf 91' lang='lat' dir='ltr'>tunc</span> <span class='ocrx_word' id='word_1_201' title='bbox 983 2911 1126 2987; x_wconf 82' lang='lat' dir='ltr'>purgata</span> <span class='ocrx_word' id='word_1_202' title='bbox 1149 2901 1351 2968; x_wconf 87' lang='lat' dir='ltr'>conscientia</span> <span class='ocrx_word' id='word_1_203' title='bbox 1375 2901 1420 2967; x_wconf 88' lang='lat' dir='ltr'>de</span> <span class='ocrx_word' id='word_1_204' title='bbox 1448 2900 1498 2965; x_wconf 83' lang='lat' dir='ltr'>his</span> 
     </span>
    </p>

    <p class='ocr_par' dir='ltr' id='par_1_7' title="bbox 351 3005 1497 3176">
     <span class='ocr_line' id='line_1_26' title="bbox 351 3005 1497 3085; baseline -0.001 -15"><span class='ocrx_word' id='word_1_205' title='bbox 351 3033 383 3085; x_wconf 73' lang='lat'>²5</span> <span class='ocrx_word' id='word_1_206' title='bbox 397 3009 496 3072; x_wconf 88' lang='lat' dir='ltr'>rebus</span> <span class='ocrx_word' id='word_1_207' title='bbox 517 3005 619 3073; x_wconf 88' lang='lat' dir='ltr'>fidem</span> <span class='ocrx_word' id='word_1_208' title='bbox 640 3005 720 3072; x_wconf 87' lang='lat' dir='ltr'>dare</span> <span class='ocrx_word' id='word_1_209' title='bbox 742 3013 776 3071; x_wconf 87' lang='lat' dir='ltr'>et</span> <span class='ocrx_word' id='word_1_210' title='bbox 798 3005 1025 3071; x_wconf 86' lang='lat' dir='ltr'>imminentem</span> <span class='ocrx_word' id='word_1_211' title='bbox 1049 3025 1158 3072; x_wconf 89' lang='lat' dir='ltr'>rerum</span> <span class='ocrx_word' id='word_1_212' title='bbox 1181 3025 1315 3072; x_wconf 84' lang='lat' dir='ltr'>suarum</span> <span class='ocrx_word' id='word_1_213' title='bbox 1337 3005 1497 3071; x_wconf 86' lang='lat' dir='ltr'>iacturam</span> 
     </span>
     <span class='ocr_line' id='line_1_27' title="bbox 398 3108 570 3176; baseline 0 -1"><span class='ocrx_word' id='word_1_214' title='bbox 398 3108 570 3176; x_wconf 76' lang='lat' dir='ltr'>declinare</span> 
     </span>
    </p>

    <p class='ocr_par' dir='ltr' id='par_1_8' title="bbox 302 3211 1499 3487">
     <span class='ocr_line' id='line_1_28' title="bbox 302 3211 1499 3298; baseline -0.004 -16"><span class='ocrx_word' id='word_1_215' title='bbox 302 3219 386 3284; x_wconf 87' lang='lat' dir='ltr'>xviii</span> <span class='ocrx_word' id='word_1_216' title='bbox 441 3211 634 3296; x_wconf 61' lang='lat' dir='ltr'>Dnapuno.</span> <span class='ocrx_word' id='word_1_217' title='bbox 678 3211 853 3297; x_wconf 89' lang='lat' dir='ltr'>Numquid</span> <span class='ocrx_word' id='word_1_218' title='bbox 873 3213 924 3278; x_wconf 94' lang='lat' dir='ltr'>vir</span> <span class='ocrx_word' id='word_1_219' title='bbox 944 3231 1006 3296; x_wconf 89' lang='lat' dir='ltr'>pro</span> <span class='ocrx_word' id='word_1_220' title='bbox 1026 3231 1140 3293; x_wconf 83' lang='lat' dir='ltr'>vxore,</span> <span class='ocrx_word' id='word_1_221' title='bbox 1157 3233 1223 3296; x_wconf 87' lang='lat' dir='ltr'>que</span> <span class='ocrx_word' id='word_1_222' title='bbox 1240 3211 1310 3298; x_wconf 82' lang='lat' dir='ltr'>regi</span> <span class='ocrx_word' id='word_1_223' title='bbox 1325 3213 1499 3279; x_wconf 85' lang='lat' dir='ltr'>tenebatur</span> 
     </span>
     <span class='ocr_line' id='line_1_29' title="bbox 399 3314 1498 3402; baseline 0 -19"><span class='ocrx_word' id='word_1_224' title='bbox 399 3326 434 3383; x_wconf 91' lang='lat' dir='ltr'>et</span> <span class='ocrx_word' id='word_1_225' title='bbox 449 3314 508 3381; x_wconf 80' lang='lat' dir='ltr'>fati</span> <span class='ocrx_word' id='word_1_226' title='bbox 524 3315 638 3382; x_wconf 90' lang='lat' dir='ltr'>debita</span> <span class='ocrx_word' id='word_1_227' title='bbox 653 3316 719 3382; x_wconf 87' lang='lat' dir='ltr'>iam</span> <span class='ocrx_word' id='word_1_228' title='bbox 733 3317 835 3383; x_wconf 87' lang='lat' dir='ltr'>soluit</span> <span class='ocrx_word' id='word_1_229' title='bbox 848 3315 901 3382; x_wconf 88' lang='lat' dir='ltr'>vel</span> <span class='ocrx_word' id='word_1_230' title='bbox 915 3335 979 3401; x_wconf 90' lang='lat' dir='ltr'>pro</span> <span class='ocrx_word' id='word_1_231' title='bbox 991 3317 1062 3384; x_wconf 88' lang='lat' dir='ltr'>viro</span> <span class='ocrx_word' id='word_1_232' title='bbox 1077 3337 1139 3383; x_wconf 82' lang='lat' dir='ltr'>suo</span> <span class='ocrx_word' id='word_1_233' title='bbox 1153 3317 1273 3384; x_wconf 88' lang='lat' dir='ltr'>mulier</span> <span class='ocrx_word' id='word_1_234' title='bbox 1286 3317 1318 3382; x_wconf 90' lang='lat' dir='ltr'>ei</span> <span class='ocrx_word' id='word_1_235' title='bbox 1333 3325 1498 3402; x_wconf 84' lang='lat' dir='ltr'>superstes</span> 
     </span>
     <span class='ocr_line' id='line_1_30' title="bbox 397 3418 705 3487; baseline -0.006 0"><span class='ocrx_word' id='word_1_236' title='bbox 397 3418 566 3487; x_wconf 88' lang='lat' dir='ltr'>conueniri</span> <span class='ocrx_word' id='word_1_237' title='bbox 582 3418 705 3486; x_wconf 85' lang='lat' dir='ltr'>debet?</span> 
     </span>
    </p>

    <p class='ocr_par' dir='ltr' id='par_1_9' title="bbox 352 3521 1499 4018">
     <span class='ocr_line' id='line_1_31' title="bbox 352 3521 1497 3609; baseline 0.002 -21"><span class='ocrx_word' id='word_1_238' title='bbox 352 3551 386 3604; x_wconf 72' lang='lat'>30</span> <span class='ocrx_word' id='word_1_239' title='bbox 439 3522 616 3606; x_wconf 82' lang='lat' dir='ltr'>Magister.</span> <span class='ocrx_word' id='word_1_240' title='bbox 647 3522 738 3590; x_wconf 90' lang='lat' dir='ltr'>Satis</span> <span class='ocrx_word' id='word_1_241' title='bbox 748 3523 870 3589; x_wconf 87' lang='lat' dir='ltr'>audisti</span> <span class='ocrx_word' id='word_1_242' title='bbox 881 3524 973 3607; x_wconf 89' lang='lat' dir='ltr'>quod</span> <span class='ocrx_word' id='word_1_243' title='bbox 986 3523 1060 3609; x_wconf 91' lang='lat' dir='ltr'>‘qui</span> <span class='ocrx_word' id='word_1_244' title='bbox 1070 3521 1497 3604; x_wconf 78' lang='lat' dir='ltr'>adheret&#39;mulieri‘vnum</span> 
     </span>
     <span class='ocr_line' id='line_1_32' title="bbox 397 3623 1497 3714; baseline 0.001 -20"><span class='ocrx_word' id='word_1_245' title='bbox 397 3647 517 3711; x_wconf 85' lang='lat' dir='ltr'>corpus</span> <span class='ocrx_word' id='word_1_246' title='bbox 539 3623 697 3705; x_wconf 85' lang='lat' dir='ltr'>efficitur,’</span> <span class='ocrx_word' id='word_1_247' title='bbox 710 3627 758 3692; x_wconf 87' lang='lat' dir='ltr'>sic</span> <span class='ocrx_word' id='word_1_248' title='bbox 780 3638 894 3694; x_wconf 86' lang='lat' dir='ltr'>tamen</span> <span class='ocrx_word' id='word_1_249' title='bbox 915 3637 952 3693; x_wconf 88' lang='lat' dir='ltr'>vt</span> <span class='ocrx_word' id='word_1_250' title='bbox 972 3638 1073 3714; x_wconf 84' lang='lat' dir='ltr'>caput</span> <span class='ocrx_word' id='word_1_251' title='bbox 1093 3629 1163 3696; x_wconf 87' lang='lat' dir='ltr'>eius</span> <span class='ocrx_word' id='word_1_252' title='bbox 1183 3627 1235 3695; x_wconf 87' lang='lat' dir='ltr'>sit.</span> <span class='ocrx_word' id='word_1_253' title='bbox 1280 3629 1404 3696; x_wconf 88' lang='lat' dir='ltr'>Merito</span> <span class='ocrx_word' id='word_1_254' title='bbox 1417 3649 1497 3713; x_wconf 85' lang='lat' dir='ltr'>ergo</span> 
     </span>
     <span class='ocr_line' id='line_1_33' title="bbox 398 3730 1499 3817; baseline 0.002 -22"><span class='ocrx_word' id='word_1_255' title='bbox 398 3751 459 3816; x_wconf 89' lang='lat' dir='ltr'>pro</span> <span class='ocrx_word' id='word_1_256' title='bbox 475 3751 515 3795; x_wconf 86' lang='lat' dir='ltr'>ca</span> <span class='ocrx_word' id='word_1_257' title='bbox 534 3730 780 3796; x_wconf 84' lang='lat' dir='ltr'>conueniendus</span> <span class='ocrx_word' id='word_1_258' title='bbox 802 3741 863 3812; x_wconf 84' lang='lat' dir='ltr'>est,</span> <span class='ocrx_word' id='word_1_259' title='bbox 881 3731 960 3816; x_wconf 91' lang='lat' dir='ltr'>quia</span> <span class='ocrx_word' id='word_1_260' title='bbox 979 3731 1116 3797; x_wconf 84' lang='lat' dir='ltr'>‘mulier</span> <span class='ocrx_word' id='word_1_261' title='bbox 1136 3733 1186 3797; x_wconf 92' lang='lat' dir='ltr'>sui</span> <span class='ocrx_word' id='word_1_262' title='bbox 1207 3740 1411 3817; x_wconf 86' lang='lat' dir='ltr'>potestatem</span> <span class='ocrx_word' id='word_1_263' title='bbox 1431 3752 1499 3798; x_wconf 91' lang='lat' dir='ltr'>non</span> 
     </span>
     <span class='ocr_line' id='line_1_34' title="bbox 398 3829 1498 3921; baseline 0 -21"><span class='ocrx_word' id='word_1_264' title='bbox 398 3829 639 3900; x_wconf 88' lang='lat' dir='ltr'>habetsetvir.’</span> <span class='ocrx_word' id='word_1_265' title='bbox 671 3831 1363 3921; x_wconf 75' lang='lat' dir='ltr'>Quodsivirexeaprolemsusceperitcui</span> <span class='ocrx_word' id='word_1_266' title='bbox 1372 3835 1498 3901; x_wconf 84' lang='lat' dir='ltr'>ratione</span> 
     </span>
     <span class='ocr_line' id='line_1_35' title="bbox 398 3936 1498 4018; baseline -0.001 -14"><span class='ocrx_word' id='word_1_267' title='bbox 398 3938 511 4004; x_wconf 84' lang='lat' dir='ltr'>vxoris</span> <span class='ocrx_word' id='word_1_268' title='bbox 533 3936 696 4003; x_wconf 88' lang='lat' dir='ltr'>debeatur</span> <span class='ocrx_word' id='word_1_269' title='bbox 717 3936 892 4015; x_wconf 83' lang='lat' dir='ltr'>hereditas,</span> <span class='ocrx_word' id='word_1_270' title='bbox 913 3947 957 4016; x_wconf 90' lang='lat' dir='ltr'>et,</span> <span class='ocrx_word' id='word_1_271' title='bbox 973 3949 1105 4006; x_wconf 90' lang='lat' dir='ltr'>mortua</span> <span class='ocrx_word' id='word_1_272' title='bbox 1127 3939 1195 4006; x_wconf 91' lang='lat' dir='ltr'>iam</span> <span class='ocrx_word' id='word_1_273' title='bbox 1215 3959 1332 4018; x_wconf 77' lang='lat' dir='ltr'>vxorc,</span> <span class='ocrx_word' id='word_1_274' title='bbox 1351 3939 1498 4004; x_wconf 90' lang='lat' dir='ltr'>nondum</span> 
     </span>
    </p>

    <p class='ocr_par' dir='ltr' id='par_1_10' title="bbox 354 4039 1499 4224">
     <span class='ocr_line' id='line_1_36' title="bbox 354 4039 1499 4126; baseline -0.001 -18"><span class='ocrx_word' id='word_1_275' title='bbox 354 4070 385 4126; x_wconf 75' lang='lat'>³5</span> <span class='ocrx_word' id='word_1_276' title='bbox 398 4041 508 4108; x_wconf 88' lang='lat' dir='ltr'>soluta</span> <span class='ocrx_word' id='word_1_277' title='bbox 530 4040 600 4125; x_wconf 86' lang='lat' dir='ltr'>regi</span> <span class='ocrx_word' id='word_1_278' title='bbox 627 4039 741 4107; x_wconf 89' lang='lat' dir='ltr'>debita</span> <span class='ocrx_word' id='word_1_279' title='bbox 765 4041 907 4126; x_wconf 89' lang='lat' dir='ltr'>pecunia</span> <span class='ocrx_word' id='word_1_280' title='bbox 931 4042 1040 4123; x_wconf 84' lang='lat' dir='ltr'>suerit,</span> <span class='ocrx_word' id='word_1_281' title='bbox 1060 4042 1110 4107; x_wconf 88' lang='lat' dir='ltr'>vir</span> <span class='ocrx_word' id='word_1_282' title='bbox 1131 4043 1187 4108; x_wconf 90' lang='lat' dir='ltr'>ille</span> <span class='ocrx_word' id='word_1_283' title='bbox 1213 4043 1345 4109; x_wconf 87' lang='lat' dir='ltr'>nomine</span> <span class='ocrx_word' id='word_1_284' title='bbox 1370 4041 1499 4109; x_wconf 87' lang='lat' dir='ltr'>heredis</span> 
     </span>
     <span class='ocr_line' id='line_1_37' title="bbox 398 4144 1498 4224; baseline -0.001 -10"><span class='ocrx_word' id='word_1_285' title='bbox 398 4144 645 4214; x_wconf 88' lang='lat' dir='ltr'>conueniendus</span> <span class='ocrx_word' id='word_1_286' title='bbox 666 4154 701 4211; x_wconf 91' lang='lat' dir='ltr'>et</span> <span class='ocrx_word' id='word_1_287' title='bbox 722 4145 946 4213; x_wconf 81' lang='lat' dir='ltr'>cohercendos</span> <span class='ocrx_word' id='word_1_288' title='bbox 968 4155 1029 4224; x_wconf 84' lang='lat' dir='ltr'>est,</span> <span class='ocrx_word' id='word_1_289' title='bbox 1043 4145 1126 4213; x_wconf 80' lang='lat' dir='ltr'>aliae</span> <span class='ocrx_word' id='word_1_290' title='bbox 1141 4155 1254 4214; x_wconf 91' lang='lat' dir='ltr'>autem</span> <span class='ocrx_word' id='word_1_291' title='bbox 1275 4167 1352 4212; x_wconf 77' lang='lat' dir='ltr'>non.</span> <span class='ocrx_word' id='word_1_292' title='bbox 1397 4146 1498 4214; x_wconf 87' lang='lat' dir='ltr'>Porro</span> 
     </span>
    </p>
   </div>
   <div class='ocr_carea' id='block_1_3' title="bbox 400 4315 1499 4462">
    <p class='ocr_par' dir='ltr' id='par_1_11' title="bbox 400 4315 1499 4462">
     <span class='ocr_line' id='line_1_38' title="bbox 435 4315 1499 4389; baseline 0.001 -16"><span class='ocrx_word' id='word_1_293' title='bbox 435 4316 607 4376; x_wconf 82' lang='lat' dir='ltr'>8seom.C</span> <span class='ocrx_word' id='word_1_294' title='bbox 741 4332 774 4374; x_wconf 81' lang='lat' dir='ltr'>ra</span> <span class='ocrx_word' id='word_1_295' title='bbox 789 4315 1153 4389; x_wconf 67' lang='lat' dir='ltr'>postoblataaddfideN</span> <span class='ocrx_word' id='word_1_296' title='bbox 1289 4333 1499 4376; x_wconf 84' lang='lat' dir='ltr'>summamsus·</span> 
     </span>
     <span class='ocr_line' id='line_1_39' title="bbox 400 4387 1089 4462; baseline 0 -16"><span class='ocrx_word' id='word_1_297' title='bbox 400 4399 512 4461; x_wconf 85' lang='lat' dir='ltr'>ceptam</span> <span class='ocrx_word' id='word_1_298' title='bbox 527 4391 553 4448; x_wconf 89' lang='lat' dir='ltr'><em>C</em></span> <span class='ocrx_word' id='word_1_299' title='bbox 621 4403 654 4460; x_wconf 81' lang='lat'>13</span> <span class='ocrx_word' id='word_1_300' title='bbox 665 4397 730 4462; x_wconf 85' lang='lat' dir='ltr'>post</span> <span class='ocrx_word' id='word_1_301' title='bbox 744 4405 797 4446; x_wconf 85' lang='lat' dir='ltr'>om.</span> <span class='ocrx_word' id='word_1_302' title='bbox 812 4390 838 4447; x_wconf 89' lang='lat' dir='ltr'><em>C</em></span> <span class='ocrx_word' id='word_1_303' title='bbox 904 4401 937 4459; x_wconf 82' lang='lat'>31</span> <span class='ocrx_word' id='word_1_304' title='bbox 957 4387 1050 4461; x_wconf 83' lang='lat' dir='ltr'>capud</span> <span class='ocrx_word' id='word_1_305' title='bbox 1063 4387 1089 4446; x_wconf 86' lang='lat' dir='ltr'><em>C</em></span> 
     </span>
    </p>
   </div>
   <div class='ocr_carea' id='block_1_4' title="bbox 0 0 1684 5172">
    <p class='ocr_par' dir='ltr' id='par_1_12' title="bbox 0 0 1684 5172">
     <span class='ocr_line' id='line_1_40' title="bbox 0 0 1684 5172; baseline 0 3"><span class='ocrx_word' id='word_1_306' title='bbox 0 0 1684 5172; x_wconf 95' lang='lat' dir='ltr'> </span> 
     </span>
    </p>
   </div>
  </div>
 </body>
</html>
