3360 5172
181 389 304 483 nxs]
550 391 617 460 DE
641 387 916 462 SCACCARIO
1218 406 1281 481 135

180 564 304 630 herede
323 563 380 648 qui
400 563 466 629 iam
486 562 619 630 adultus
639 563 692 642 sit,
708 583 775 628 non
795 563 977 630 secundum
997 563 1213 631 constitutam
1236 563 1281 631 de

179 669 243 734 biis
268 685 435 734 summam
460 667 530 754 regi
559 665 739 734 satisfaciet
763 677 815 734 set
839 668 1021 733 secundum
1047 668 1137 751 quod
1159 688 1180 734 a
1202 687 1281 752 rege

180 773 306 858 poterit
334 772 493 854 optinere.
551 768 651 854 Quod
683 771 710 836 sl
741 773 849 836 minor
878 780 966 838 etate
996 770 1096 837 suerit
1123 771 1220 837 heres
1246 773 1280 836 ln

181 876 333 944 custodia
350 874 551 944 constitutus
565 874 762 958 legittimam
780 883 905 941 etatem
923 875 1178 959 prestolabitur3
1200 884 1280 943 tunc

180 991 293 1046 autem
319 979 372 1046 vel
400 981 512 1064 gratis,
538 979 623 1046 sicut
650 980 778 1044 dictum
804 989 865 1056 est,
886 979 938 1046 vel
969 981 1150 1046 secundum
1180 979 1308 1060 bene-5

181 1085 341 1170 placitum
364 1083 462 1168 regis,
477 1083 563 1150 sicut
581 1081 714 1149 adultus
729 1081 948 1150 hereditatem
968 1092 1143 1167 paternam
1166 1085 1279 1149 nanci-

180 1197 299 1254 scetur.
339 1187 376 1253 Sl
390 1207 469 1253 vero
483 1187 660 1254 decesserit
669 1188 744 1272 quis
759 1196 877 1255 tenens
893 1198 974 1253 tunc
988 1189 1033 1254 de
1048 1205 1126 1271 rege
1142 1186 1279 1253 feodum

181 1291 305 1370 militis,
321 1310 387 1357 non
403 1291 539 1374 quidem
559 1291 687 1356 ratione
702 1309 824 1357 corone
842 1291 940 1374 regie,
956 1301 1008 1358 set
1022 1291 1135 1376 potius
1152 1291 1280 1357 ratione

181 1396 318 1463 baronie
332 1395 518 1476 cuiuslibet,
531 1411 598 1478 que
611 1395 731 1479 quouis
745 1413 824 1460 casu
840 1396 874 1460 in
890 1413 1027 1461 menum
1042 1395 1129 1480 regis
1144 1394 1280 1478 delapsa

181 1511 240 1580 est,
255 1501 339 1564 sicut
354 1509 406 1564 est
425 1500 639 1585 episcopatus
654 1509 796 1565 vacante
815 1500 904 1578 sede,
924 1497 1019 1564 heres
1038 1499 1105 1564 iam
1123 1498 1279 1577 defuncti,
1294 1523 1326 1561 ro

181 1607 209 1668 si
230 1601 366 1669 adultus
389 1613 449 1680 est,
464 1621 528 1688 pro
550 1603 650 1671 feodo
671 1604 786 1670 militis
807 1621 835 1670 c.
857 1603 980 1670 solldos
1003 1603 1197 1680 numerabit,
1217 1621 1279 1687 pro

181 1708 313 1774 duobus
333 1725 368 1773 x.
387 1707 496 1787 libras,
516 1718 551 1775 et
570 1709 618 1774 ita
635 1707 804 1792 deinceps,
818 1707 915 1773 iuxta
934 1725 1107 1772 numerum
1125 1705 1280 1787 militum,

181 1831 266 1895 quos
284 1812 421 1877 domino
440 1811 600 1878 debuerat
620 1821 798 1896 antequam
820 1811 864 1877 ad
883 1809 1000 1876 fiscum
1019 1809 1179 1876 deuoluta
1193 1810 1280 1876 soret

181 1915 356 1984 hereditas.
401 1915 502 2001 Quod
524 1917 552 1981 si
575 1916 682 1983 minor
703 1917 798 1983 annis
819 1914 914 1981 heres
936 1913 1069 1982 relictus
1089 1915 1197 1991 fuerit,
1212 1934 1279 1998 que

182 2022 225 2086 de
251 2018 436 2086 hereditate
460 2020 532 2087 eius
560 2020 768 2106 proueniunt,
798 2019 925 2085 ratione
954 2019 1104 2084 custodie
1128 2027 1279 2104 tempore
1293 2039 1324 2093 1⁵

181 2121 353 2208 pupillaris
367 2125 464 2191 etatis
478 2125 560 2191 fisco
571 2125 778 2210 prouenient,
789 2124 875 2188 sicut
889 2124 1016 2188 dictum
1031 2131 1092 2188 est.
1130 2123 1279 2188 Relictus

181 2238 337 2294 autema
359 2240 453 2315 patre
475 2230 542 2295 iam
564 2229 698 2295 adultus
720 2245 782 2314 pro
802 2227 938 2312 singulis
960 2225 1066 2291 leodis
1085 2225 1228 2292 militum
1250 2245 1278 2292 c.

181 2331 305 2398 solidos
319 2333 439 2412 soluet,
456 2331 624 2398 ueletiam
645 2332 728 2397 inira
742 2355 751 2408 ;
773 2330 837 2396 hoc
854 2341 906 2397 est
926 2330 945 2394 l.
965 2329 1090 2396 solidos
1105 2331 1132 2396 si
1150 2329 1279 2396 dimidii

182 2437 295 2502 militis
317 2436 451 2503 feodum
474 2437 655 2522 possederit
678 2435 780 2500 etsie
803 2435 968 2518 deinceps.
1016 2433 1088 2500 Nec
1118 2441 1152 2500 te
1176 2433 1279 2500 lateat

181 2541 272 2623 quod
301 2541 371 2606 eius
396 2559 496 2625 quem
520 2541 554 2606 in
579 2539 730 2606 custodia
756 2558 815 2624 per
841 2538 969 2622 aliquot
994 2557 1100 2604 annos
1125 2537 1279 2604 habueris
1294 2567 1325 2604 ω

182 2655 216 2709 et
243 2645 458 2728 possessionis
479 2644 549 2710 eius
574 2645 726 2720 fructum,
751 2661 827 2710 cum
856 2645 900 2707 ad
929 2651 1053 2708 etatem
1071 2639 1280 2726 »legittimam

182 2749 380 2831 peruenerit,
395 2747 555 2813 releulum
569 2758 717 2832 repetere
732 2767 799 2813 non
816 2744 953 2810 valebis.

224 2849 424 2932 Ducipulus.
468 2852 507 2915 In
523 2851 585 2918 hac
599 2860 694 2936 parte
706 2870 767 2934 pro
782 2848 914 2934 pupillis
928 2848 986 2914 lex
1001 2847 1126 2914 iudicat
1141 2858 1175 2914 et
1189 2850 1314 2931 quous

181 2955 247 3038 piis
263 2954 429 3020 mentibus
444 2955 529 3020 bene
543 2955 647 3029 sedet,
662 2953 817 3019 decernit.

225 3053 401 3142 Magister.
446 3055 501 3126 Sic
515 3067 576 3139 est,
590 3067 642 3123 set
653 3058 697 3122 de
711 3055 889 3141 propositis
903 3071 1148 3139 prosequamur.
1193 3054 1279 3119 Item
1293 3076 1324 3130 ²⁵

181 3173 231 3228 est
246 3170 282 3228 et
297 3161 430 3228 tertium
446 3181 550 3245 genus
564 3161 791 3228 excidentium
808 3159 861 3225 vel
871 3167 1075 3223 escaetarum
1090 3157 1181 3241 quod
1200 3155 1280 3224 fisco

182 3267 334 3350 prouenit
360 3265 429 3333 iure
454 3276 625 3351 perpetuo.
680 3262 766 3329 Cum
791 3261 908 3347 aliquis
934 3263 978 3327 de
999 3281 1078 3345 rege
1103 3272 1222 3329 tenens
1244 3261 1279 3326 in

181 3371 301 3454 capite,
315 3369 496 3455 perpetrati
514 3368 645 3435 sceleris
660 3368 723 3434 sibi
741 3369 902 3447 conscius,
917 3367 989 3430 siue
1006 3366 1049 3432 sit
1064 3365 1094 3429 ei
1112 3366 1279 3432 obiectum

180 3475 252 3541 siue
273 3494 349 3554 non,
372 3473 491 3540 relictis
514 3481 626 3539 tamen
649 3472 803 3537 omnibus
824 3469 1017 3555 perfugam
1040 3469 1107 3535 vite
1128 3467 1279 3548 consulit,
1370 3483 1378 3500 ·

181 3578 235 3643 vel
255 3579 283 3642 si
304 3598 405 3662 super
425 3578 544 3644 eodem
566 3577 700 3642 obiecto
721 3576 893 3640 conuictus
914 3574 967 3638 vel
989 3573 1171 3652 consessus,
1192 3581 1327 3644 terrase

181 3681 280 3746 simul
310 3692 345 3747 et
374 3680 444 3748 vita
473 3680 637 3746 iudicatur
665 3680 820 3762 indignus
832 3701 841 3758 ;
878 3678 999 3755 omnia,
1028 3698 1094 3761 que
1122 3677 1172 3742 sui
1201 3677 1280 3742 iuris

182 3783 322 3861 fuerant,
345 3804 427 3851 mox
453 3783 644 3850 infiscantur
665 3794 700 3850 et
726 3783 876 3848 redditus
899 3801 1016 3847 omnes
1041 3801 1152 3847 annuo
1176 3781 1281 3846 immo

182 3898 218 3953 et
232 3895 393 3972 perpetuo
408 3889 478 3952 iure
488 3889 531 3954 ad
543 3887 745 3954 scaccarium
759 3907 782 3952 a
791 3885 985 3951 vicecomite
996 3886 1235 3968 persoluuntur,
1245 3896 1281 3950 et

183 3993 274 4074 quod
305 4011 350 4056 ex
379 3991 557 4058 mobilibus
580 4010 694 4057 eorum
718 3989 861 4056 venditis
890 3990 1054 4073 prouenit,
1080 3990 1150 4074 regi
1181 3988 1280 4054 cedit.

220 4209 255 4276 ¹.⁰
265 4195 521 4266 premeremur
593 4208 625 4264 13
644 4193 813 4251 dominusC
883 4205 930 4278 Ι13,
945 4191 1280 4275 ι4ιίοητ1ιοτοάἰω..)

182 4265 296 4418 ‘itt
308 4264 514 4419 &simil
523 4275 617 4394 ’ἔξω
630 4283 682 4392 lt
694 4265 822 4407 §nli
831 4268 923 4393 im
933 4263 1176 4416 {llltlhll
1198 4333 1233 4390 2⁶
1242 4261 1281 4389 {l

182 4403 306 4477 tertium]
321 4405 500 4464 mterdumR
587 4421 623 4480 29
640 4408 803 4464 nonmR
890 4402 1203 4477 34regrced1tomN
