3360 5172
417 383 478 452 ιιι
785 367 853 435 us
877 366 1149 438 scnccmuo
1403 368 1450 454 [11
1467 393 1523 437 xx

414 539 563 618 consilio,
578 540 720 626 grauius,
734 541 793 624 qui
814 541 862 606 sic
880 539 1032 624 deliquit,
1053 539 1218 624 puniatur.
1263 537 1364 624 Quod
1388 541 1417 608 si
1438 553 1523 626 post

415 655 680 712 consummatum
699 655 894 729 compotum
915 643 1119 712 vicecomitis
1143 643 1195 710 sui
1217 643 1345 709 venerit
1366 655 1402 710 et
1420 647 1523 712 satis·

414 747 539 823 fecerit,
554 749 598 814 de
611 749 828 814 assidentium
844 747 952 832 gratia
965 757 1000 812 et
1014 747 1058 812 de
1071 745 1155 832 legis
1171 747 1378 833 indulgentia
1392 751 1523 832 poterit

415 853 554 920 absolui.
597 852 722 919 Verum
749 872 883 918 necesse
905 860 958 916 est
980 861 1018 918 vt
1046 852 1232 917 vicecomes
1257 850 1358 916 fidem
1385 853 1456 918 eius
1484 855 1519 917 in

387 957 578 1036 5comitatu
596 955 659 1022 sub
681 956 831 1020 omnium
856 952 960 1022 oculis
986 953 1154 1039 suscipiat,
1177 954 1265 1038 quia,
1292 955 1320 1018 si
1347 954 1433 1021 forte
1458 959 1520 1040 qui

415 1061 554 1136 dederit,
568 1058 682 1124 volens
702 1057 883 1144 malignari,
903 1059 1019 1124 datam
1040 1057 1173 1126 infitiari
1187 1058 1339 1136 voluerit,
1355 1061 1518 1126 aduersus

415 1163 550 1230 eumad
569 1179 704 1228 omnem
723 1161 928 1246 probationis
947 1181 1114 1228 summam
1132 1161 1318 1227 recordatio
1338 1163 1518 1229 comitatus

414 1267 561 1332 sufficiet
606 1265 707 1350 Quod
733 1265 761 1331 si
787 1265 869 1330 alias
897 1265 962 1331 sibi
988 1265 1104 1330 datam
1129 1263 1315 1330 vicecomes
1344 1265 1516 1332 confessus

414 1367 521 1448 fuerit,
533 1369 578 1434 oil
594 1369 701 1452 egisse
710 1369 916 1448 iudicabitur,
926 1371 1016 1436 vnde
1031 1388 1113 1433 mox
1123 1370 1167 1433 de
1178 1367 1273 1433 firma
1283 1387 1344 1434 sua
1356 1371 1516 1454 requisita

371 1499 403 1538 ιο
415 1493 547 1539 summa
575 1475 733 1557 capietur,
755 1481 793 1538 vt
822 1471 1073 1538 summonitioni
1099 1471 1239 1538 satisfiat
1269 1471 1304 1536 in
1333 1471 1397 1537 bac
1420 1485 1518 1558 parte

416 1578 538 1645 dicenti
552 1576 625 1642 ‘vel
640 1577 812 1662 capientur
826 1577 869 1643 de
884 1576 980 1642 firma
993 1573 1071 1643 tua!

342 1655 405 1787 ¹¹}
462 1681 500 1750 Si
514 1703 592 1748 vero
611 1681 668 1764 qui
682 1680 783 1745 fidem
798 1699 835 1746 se
854 1681 986 1747 dedisse
1003 1699 1070 1745 non
1091 1679 1258 1761 diffitetur,
1273 1681 1328 1746 die
1345 1681 1517 1748 nominata

415 1787 542 1853 venerit
572 1805 632 1850 nec
667 1783 869 1862 satisfecerit,
901 1785 930 1850 si
959 1783 1116 1850 dominus
1144 1793 1206 1864 est,
1234 1785 1278 1850 ad
1315 1786 1516 1850 scaccarium

415 1891 575 1975 quamdiu
590 1887 711 1953 sederit
727 1887 936 1966 detinebitur,
951 1887 1019 1955 fide
1040 1889 1121 1954 data
1141 1888 1175 1952 in
1196 1908 1298 1954 manu
1320 1889 1516 1964 marescalli,

371 2014 401 2067 ιε
415 1995 500 2060 sicut
525 2013 625 2077 supra
646 1992 804 2067 diximus,
829 1992 920 2074 quod
945 2012 967 2056 a
995 1991 1128 2076 leugata
1150 1991 1241 2070 ville,
1266 1992 1328 2058 nisi
1352 1993 1516 2059 baronum

416 2096 558 2176 licentia,
573 2113 640 2160 non
655 2095 797 2158 recedet.
842 2093 962 2161 Soluto
981 2114 1061 2159 vero
1082 2095 1247 2162 scaccario
1269 2094 1357 2161 illius
1373 2097 1516 2175 termini,

416 2200 443 2266 si
459 2200 606 2265 nondum
622 2197 816 2263 satisfecerit
830 2197 863 2262 in
876 2197 949 2262 loco
964 2208 1040 2264 tuto
1054 2199 1117 2263 sub
1128 2198 1231 2264 libera
1245 2200 1396 2266 custodia
1411 2201 1517 2266 collo·

415 2303 553 2379 cabitur,
572 2319 745 2384 quousque
766 2320 825 2366 rex
846 2301 970 2387 ipse‚si
991 2320 1128 2384 presens
1149 2301 1256 2382 fuerit,
1273 2300 1327 2369 vel
1343 2303 1517 2389 presidens

415 2425 489 2472 cum
511 2403 584 2469 aliis
605 2403 838 2486 assidentibus,
860 2404 941 2487 quid
963 2404 1008 2470 de
1027 2403 1102 2487 ipso
1123 2407 1291 2489 agendum
1318 2406 1425 2482 fuerit,
1455 2408 1514 2473 de-

341 2580 345 2588 ,
371 2536 403 2574 ιο
415 2518 536 2583 cernat,
556 2507 623 2592 qui,
644 2506 746 2572 fidem
776 2529 813 2574 se
838 2507 971 2572 dedisse
1000 2509 1044 2574 de
1071 2507 1304 2577 satisfaciendo
1332 2512 1512 2589 confessus,

416 2612 508 2678 nullo
523 2611 624 2678 modo
639 2609 807 2676 satisfecit.
852 2611 954 2695 Quod
970 2613 998 2676 si
1018 2611 1112 2677 miles
1125 2612 1179 2678 vel
1201 2613 1285 2679 alius
1303 2616 1374 2679 eius
1389 2634 1513 2679 econo-

416 2736 491 2781 mus
509 2716 645 2792 venerit,
662 2733 722 2779 nec
739 2714 943 2791 satisfecerit,
959 2734 1021 2798 pro
1040 2714 1107 2781 fide
1128 2714 1195 2783 lesa
1216 2719 1513 2801 comprehendetur

415 2830 450 2886 et
472 2818 663 2885 marescallo
692 2819 927 2884 custodiendus
956 2818 1114 2900 tradetur,
1143 2830 1221 2904 post
1249 2821 1395 2887 solutum
1421 2843 1513 2888 scac-

415 2925 541 2990 carium
565 2921 655 2988 licite
679 2921 895 2988 vinculandos
924 2929 958 2986 et
985 2922 1019 2986 in
1045 2941 1208 2988 carcerem
1233 2926 1417 2990 mittendus
1439 2927 1514 2991 siue

371 3046 402 3098 ²⁵
417 3029 512 3096 miles
539 3027 637 3092 fuerit
662 3025 734 3091 siue
759 3045 837 3090 non.
882 3024 981 3089 Miles
1010 3046 1090 3091 vero
1114 3046 1214 3111 super
1241 3029 1358 3094 debito
1379 3031 1514 3114 proprio

415 3152 483 3198 non
498 3131 710 3212 satisfaciens,
725 3149 801 3194 cum
818 3137 931 3194 tamen
947 3127 989 3192 de
1010 3127 1243 3196 satisfaciendo
1258 3130 1359 3196 fidem
1374 3132 1512 3214 dederit,

415 3245 492 3320 post
517 3234 663 3301 solutum
687 3232 885 3299 scaccarium
912 3232 1036 3297 nonin
1065 3252 1196 3298 carcere
1220 3246 1276 3309 ¹set
1304 3235 1388 3302 infra
1416 3249 1514 3322 septa

415 3339 536 3403 domus
558 3336 732 3404 carceralis
753 3338 857 3403 libere
882 3335 1097 3417 custodietur,
1114 3335 1182 3402 lide
1206 3339 1419 3421 corporaliter
1438 3362 1513 3426 pre-

416 3442 505 3520 stita,
516 3442 606 3524 quod
619 3442 697 3507 inde
708 3441 769 3506 nisi
778 3440 864 3524 regis
878 3437 931 3505 vel
942 3439 1138 3523 presidentis
1149 3441 1281 3507 licentia
1292 3461 1359 3508 non
1372 3443 1513 3510 recedet.

370 3560 404 3612 ³0
417 3543 574 3609 Decreuit
592 3544 681 3608 enim
701 3543 915 3608 memorande
934 3542 1119 3609 nobilitatis
1135 3564 1196 3608 rex
1216 3545 1351 3611 illustris
1370 3558 1407 3612 vt
1424 3549 1513 3631 quis·

416 3647 491 3731 quis
519 3645 634 3712 militie
662 3645 826 3728 dignitate
855 3645 1021 3731 prefulget
1043 3666 1105 3729 pro
1133 3648 1248 3714 debito
1270 3649 1413 3734 proprio,
1436 3671 1512 3717 cum

415 3770 573 3836 paupera
587 3749 780 3815 vicecomite
792 3750 890 3814 simul
901 3759 967 3815 eta
981 3749 1102 3816 vicinia
1113 3763 1289 3836 reputetur,
1301 3753 1335 3816 in
1349 3773 1512 3819 carcerem

415 3874 481 3919 non
507 3853 674 3931 mittatur3
703 3863 755 3918 set
777 3873 925 3919 seorsum
958 3853 1043 3920 infra
1071 3865 1167 3939 septa
1195 3858 1316 3920 domus
1341 3857 1512 3923 carceralis

415 3957 516 4022 libere
531 3955 745 4022 custodiatur.
789 3957 915 4022 Verum
930 3959 1078 4043 quisquis
1093 3959 1251 4024 mandato
1266 3960 1396 4025 domini
1411 3960 1512 4026 fidem

369 4044 403 4146 ᾗῇ
416 4059 553 4139 dederit,
565 4061 649 4125 sicut
659 4059 846 4144 predictum
859 4069 919 4138 est,
930 4061 1117 4126 vicecomiti
1129 4073 1164 4129 et
1174 4063 1308 4127 veniens
1323 4084 1389 4128 non
1405 4063 1513 4145 soluit,

416 4165 504 4232 hunc
524 4163 760 4250 comprehendi
782 4173 817 4230 et
840 4163 873 4228 in
896 4183 1068 4245 carcerem,
1090 4164 1200 4231 soluto
1221 4167 1395 4245 scaccario,
1416 4168 1511 4248 mitti,

453 4333 487 4376 ro
503 4317 656 4375 satisfaciat
669 4317 706 4373 N
760 4330 804 4388 -ις
823 4317 926 4374 vileN
1017 4331 1049 4384 17
1068 4319 1258 4374 collocaturR
1335 4334 1370 4376 22
1388 4338 1512 4395 compre·

413 4389 549 4448 henditur
559 4390 596 4454 N
662 4402 696 4459 23
709 4387 785 4462 post]
797 4388 889 4461 primo
900 4389 937 4444 N
1003 4403 1038 4462 29
1056 4389 1110 4446 nisi
1122 4406 1179 4458 om.
1187 4389 1224 4444 N
