3360 5172
399 353 462 416 160
767 348 834 416 na
857 347 1135 419 scaccruuo
1252 295 1258 308 ’
1290 346 1335 440 [11
1351 352 1510 420 avari

395 523 498 588 daret
544 519 606 586 Set
625 537 646 586 a
665 517 880 604 prudentibus
898 527 933 586 et
951 518 1033 604 legis
1052 519 1165 586 diuine
1183 519 1297 604 peritis
1316 521 1507 606 perniciosa

393 627 474 691 satis
500 625 572 690 visa
596 633 648 690 eat
673 624 849 705 subtilitas,
873 643 950 690 cum
975 623 1079 690 semel
1104 623 1205 690 fidem
1231 624 1362 690 dederit
1389 646 1427 691 ae
1454 625 1504 690 le-

393 729 549 813 gitimum
575 747 634 815 per
658 728 772 794 omnia
795 737 999 814 compotum,
1021 727 1116 794 salua
1139 728 1349 811 conscientia,
1372 728 1502 794 iecisse

394 831 447 896 Ea
472 841 610 916 propter
634 832 695 898 hec
721 831 882 898 sententia
904 841 981 916 post
1007 831 1175 900 modicum
1199 832 1318 898 menrit
1339 853 1416 898 cum
1436 851 1503 898 auo

364 965 379 1015 5
393 945 529 1003 auctore
543 937 735 1020 contempni
749 944 783 1001 et
798 956 863 1002 vna
877 934 955 1014 fide,
972 935 1036 1002 hoc
1053 945 1104 1002 eat
1123 936 1225 1002 semel
1244 935 1333 1015 data,
1347 937 1502 1002 contenti

393 1049 479 1118 sunt,
494 1041 574 1123 quia
589 1040 622 1104 in
636 1040 732 1104 vnius
747 1037 824 1104 fidei
841 1037 1044 1105 maleasione
1058 1057 1159 1104 vnum
1175 1049 1263 1104 sunt.

434 1141 633 1226 Ducipulus.
672 1141 789 1209 Sentio
804 1141 871 1206 iam
885 1139 1066 1225 languente
1080 1141 1158 1207 stilo
1172 1142 1264 1227 quod
1278 1141 1499 1210 dicendorum

392 1245 467 1312 finis
488 1248 605 1312 adesse
627 1245 771 1312 festinat.
815 1244 953 1322 Verum,
976 1245 1054 1311 licet
1073 1245 1228 1312 instantis
1249 1247 1357 1311 noctis
1378 1265 1498 1331 crepu-

390 1349 518 1416 sculum
541 1358 576 1415 et
597 1347 814 1434 productioris
839 1349 951 1432 operis
976 1347 1072 1414 labor
1094 1349 1257 1432 prolixior
1278 1349 1323 1414 ad
1343 1349 1411 1415 alia
1432 1370 1498 1416 nos

348 1476 379 1514 ιο
391 1463 530 1520 euocent
552 1463 586 1518 et
608 1452 792 1538 paullulum
817 1453 977 1536 respirare
999 1451 1210 1536 oompellant,
1230 1451 1350 1518 vellem
1373 1463 1499 1532 tamen.

391 1556 418 1620 si
444 1555 514 1622 fieri
541 1567 662 1642 posset,
685 1566 723 1622 vt
747 1575 954 1640 suspensam,
975 1564 1011 1624 et
1036 1556 1196 1622 hactenus
1217 1555 1434 1622 fluctuantem
1462 1559 1498 1623 in

389 1660 492 1725 verbo
507 1669 574 1736 tuo,
588 1659 741 1744 discipuli
755 1661 802 1724 tui
818 1669 965 1726 mentem
983 1659 1205 1739 confirmares,
1219 1661 1397 1726 ostendeus
1412 1662 1496 1744 quid

389 1762 442 1840 sit,
456 1763 548 1846 quod
567 1762 610 1827 ab
631 1763 726 1829 initio
745 1763 873 1828 dixisse
889 1774 924 1831 te
943 1763 1061 1843 recolo,
1075 1773 1184 1830 totam
1199 1763 1325 1829 scilicet
1340 1765 1497 1830 scaccarii

389 1867 641 1952 discriptionem
672 1868 816 1950 quedem
846 1887 919 1931 esse
947 1876 1230 1932 sacramentorum
1260 1865 1400 1932 latrlrula
1427 1887 1497 1950 que

345 1987 375 2042 ¹5
390 1971 567 2038 reuelanda
591 1980 668 2036 sunt
693 1990 770 2036 cum
797 1969 946 2036 omnium
969 1969 1044 2036 libri
1069 1971 1177 2056 aperti
1205 1979 1303 2036 erunt
1332 1979 1366 2036 et
1394 1971 1496 2036 ianua

388 2075 509 2140 clausa

430 2178 607 2262 Magister.
652 2177 817 2262 Magnum
843 2177 1007 2261 estquod
1033 2177 1143 2262 queris
1168 2187 1203 2243 et
1227 2176 1362 2243 alterius
1390 2196 1494 2261 egens

353 2281 617 2364 uinquisitionis,
633 2300 696 2345 nec
718 2279 768 2344 his
791 2280 999 2363 exponendis
1021 2301 1067 2346 ex
1089 2281 1253 2366 promisso
1275 2281 1410 2348 debitor
1431 2283 1494 2348 tibi

388 2382 494 2450 lactus
515 2403 599 2448 sum.
645 2383 710 2450 His
734 2382 834 2468 igitur
854 2384 899 2450 ad
921 2403 1055 2469 presens
1076 2385 1275 2468 supersedeo
1300 2386 1333 2449 in
1356 2385 1493 2452 alterius

320 2561 325 2570 ι
342 2509 375 2546 20
387 2486 451 2552 diei
469 2486 731 2573 disputationem
748 2487 865 2554 eadem
883 2507 1062 2552 reseruans.
1105 2487 1231 2554 Vereor
1244 2487 1381 2572 quidem
1396 2508 1447 2569 ne,
1461 2489 1492 2556 si

387 2590 536 2674 pluribus
555 2599 691 2656 onerato
711 2610 833 2656 nouam
853 2591 1016 2658 sarcinam
1038 2591 1250 2675 imponerem,
1266 2591 1328 2656 sub
1343 2592 1491 2676 pondere

386 2693 552 2760 deficeres.
598 2695 685 2760 item
710 2695 739 2759 sl
765 2695 831 2759 ianr
854 2694 953 2760 dictis
976 2703 1010 2760 et
1035 2695 1194 2761 memorie
1215 2695 1492 2760 commendandis

386 2819 547 2864 nouarum
562 2818 672 2866 rerum
687 2798 798 2864 studia
812 2817 1015 2878 consuerem,
1030 2809 1169 2883 viraque
1182 2807 1216 2863 te
1230 2798 1379 2865 fastidire
1396 2819 1489 2866 com-

385 2903 552 2987 pellerem.
611 2901 798 2968 Contentus
830 2919 910 2987 ergo
942 2901 1010 2967 iam
1043 2901 1141 2967 dictis
1169 2912 1240 2967 esto
1269 2902 1313 2966 ad
1342 2923 1408 2986 que
1436 2923 1491 2968 me

340 3021 372 3072 ²5
385 3007 532 3092 coegisti.
579 3005 695 3071 Habes
720 3007 808 3070 enirn
834 3005 869 3070 in
895 3004 956 3080 his,
980 3013 1143 3087 quantum
1166 3005 1298 3070 madide
1320 3025 1356 3070 se
1379 3007 1490 3090 potuit

385 3095 503 3176 offerre
525 3110 693 3186 memorie,
713 3118 923 3193 quecumque
943 3107 1028 3172 circa
1051 3107 1202 3175 scaccarii
1228 3108 1402 3174 scientiam
1426 3129 1490 3193 po-
1535 3175 1539 3181 ,

383 3214 469 3280 tiora
484 3214 547 3280 tibi
560 3216 632 3280 visa
648 3222 735 3293 sunt,
751 3210 921 3277 initialiter
934 3217 1101 3294 vtcunque
1116 3211 1285 3276 distincta.
1330 3209 1489 3277 Ceterum

383 3318 427 3382 ad
448 3317 671 3402 singulaque
690 3324 798 3381 tractu
820 3314 977 3398 temporis
992 3313 1094 3380 videri
1116 3324 1272 3398 potemnt
1291 3315 1489 3392 necessaria,

383 3441 493 3505 vngue
511 3431 608 3487 tenus
629 3419 841 3504 explananda
861 3437 921 3483 nec
938 3417 1043 3483 virtus
1063 3417 1215 3498 hominis,
1228 3437 1289 3483 nec
1302 3418 1373 3484 vita
1391 3419 1488 3495 iorte,

338 3536 370 3585 3⁰
383 3524 555 3589 sufficeret.
600 3523 658 3588 Ex
687 3524 784 3588 variis
808 3511 897 3587 enim
923 3529 957 3586 et
984 3521 1123 3588 insolitis
1152 3522 1284 3586 casibus
1312 3523 1368 3586 vel
1396 3521 1488 3588 nulla

383 3625 442 3692 fiet
462 3625 516 3692 vel
534 3625 642 3692 adhuc
658 3627 826 3711 incognita
845 3624 1038 3710 disciplina3
1059 3624 1147 3690 vnde
1166 3623 1205 3690 fit
1225 3635 1262 3692 vt
1280 3625 1486 3692 detractoriis

383 3729 503 3814 linguis
537 3729 613 3796 hinc
646 3729 757 3820 potius
792 3749 942 3814 exponar
974 3730 1067 3809 dum,
1094 3729 1292 3794 succedente
1323 3738 1485 3813 tempore,

383 3831 538 3917 pleraque
567 3832 671 3899 dubia
701 3832 844 3898 necdum
876 3832 991 3898 audita
1020 3833 1161 3917 proponi
1188 3833 1371 3916 continget.
1431 3833 1485 3898 De

321 4011 326 4020 .
382 3935 503 4020 quibus
527 3945 585 4000 aut
610 3935 837 4001 consimilibus
860 3956 937 4002 curn
962 3935 1015 4002 hic
1037 3936 1085 4000 nil
1107 3936 1301 4012 inuenerint,
1325 3935 1484 4021 incipiant

337 4066 368 4118 35
383 4039 531 4118 illudere,
546 4038 704 4116 dicentes,
718 4038 791 4105 ‘hic
809 4039 915 4104 homo
934 4039 1023 4125 cepit
1041 4039 1196 4106 edificare
1217 4047 1251 4104 et
1273 4058 1339 4104 non
1361 4037 1483 4122 potuit,

417 4224 610 4292 4scientiaR
733 4225 905 4295 samoreR
1034 4223 1266 4282 8noctisom.R
1377 4221 1482 4292 9alial

382 4295 469 4351 illaR
576 4308 690 4367 '11,12
709 4293 936 4352 in...rnentem
948 4295 1043 4350 om.R
1183 4295 1218 4349 26
1236 4293 1483 4366 quicunquecodd.

383 4369 418 4423 28
435 4375 512 4424 tactu
524 4367 552 4422 R
