3360 5172
412 402 456 470 94
779 382 848 452 nn
870 380 1146 454 scnccnmo
1365 381 1396 477 [1
1417 339 1513 493 vna

411 553 516 618 latam
546 549 672 618 irritam
698 548 817 632 iacere,
844 551 946 620 etiarn
974 551 1003 618 si
1028 551 1113 620 alter
1139 550 1235 620 alteri
1263 552 1312 620 sic
1337 555 1514 639 proximus

412 657 457 723 sit
470 663 507 722 vt
523 655 585 721 iter
603 665 742 740 cogatur
760 655 913 742 arripere.
970 655 1128 724 Procuret
1143 657 1257 742 itaque
1275 659 1340 724 sibi
1358 680 1514 743 procura·

411 769 520 827 torem
542 759 594 825 vel
617 760 840 844 responsalem
858 769 892 826 et
913 758 985 844 ipse
1006 761 1104 845 regila
1125 761 1278 826 addictus
1301 763 1446 847 negociis
1467 764 1512 830 ad

412 863 538 930 curiam
567 865 639 929 sine
666 861 877 930 simulatione
909 863 1052 932 retinet.
1098 865 1251 930 Preterea
1283 866 1427 932 barones
1454 867 1512 952 qui

383 993 399 1046 μ
412 966 455 1032 ad
470 967 669 1034 scaccarium
684 967 829 1033 resident
844 967 888 1032 de
906 966 1104 1034 victualibus
1118 987 1178 1033 sue
1194 967 1314 1034 domus
1329 969 1364 1033 in
1376 969 1512 1036 urbibus

411 1080 447 1136 et
459 1069 602 1136 castellis
617 1080 651 1137 et
666 1071 841 1138 maritimis
855 1071 978 1155 emptis
998 1069 1134 1136 nomine
1147 1072 1395 1138 consuetudinis
1409 1073 1511 1138 nichil

412 1172 555 1240 soluunt
601 1173 702 1258 Quod
725 1176 752 1240 si
776 1175 926 1242 minister
946 1173 1157 1260 vectigalium
1179 1175 1223 1240 de
1243 1175 1308 1240 hiis
1330 1177 1508 1260 quicquam

411 1276 541 1342 soluere
558 1278 765 1362 compulerit,
780 1279 964 1346 dummodo
984 1297 1118 1362 presens
1132 1277 1176 1344 sit
1193 1279 1338 1344 seruiens
1361 1280 1431 1344 eius
1453 1280 1509 1364 qui

412 1381 480 1446 suis
494 1381 606 1447 vsibus
621 1392 735 1468 empta
750 1382 849 1448 luisse
859 1381 974 1448 oblata
988 1380 1055 1448 fide
1074 1381 1214 1466 probare
1227 1381 1377 1462 voluerit,
1392 1383 1509 1449 baroni

366 1507 400 1550 ro
411 1485 547 1568 quidem
569 1495 690 1552 exacta
703 1487 844 1570 pecunia
863 1485 1054 1552 restituetur
1069 1485 1102 1550 in
1120 1485 1283 1570 integrum
1299 1495 1333 1551 et
1351 1487 1510 1570 inprobus

412 1599 551 1654 exactor
580 1611 642 1674 pro
672 1589 833 1673 qualitate
861 1609 1002 1675 persone
1031 1589 1253 1674 pecuniariam
1279 1610 1400 1674 penam
1432 1590 1509 1656 luet

412 1692 500 1757 Item
520 1693 549 1758 si
564 1693 715 1778 quilibet,
730 1694 832 1758 etiam
853 1714 993 1777 magnus
1015 1693 1049 1758 in
1069 1712 1182 1778 regno,
1197 1693 1383 1759 inconsulto
1400 1695 1511 1760 calore

412 1797 515 1863 animi
545 1797 728 1882 quemlibet
758 1797 800 1864 ad
831 1800 1030 1864 scaccarium
1059 1797 1261 1862 residentem
1291 1797 1419 1882 probris
1455 1797 1510 1864 vel

413 1901 570 1967 conuiciis
589 1901 776 1978 lacessierit,
798 1901 825 1966 si
848 1902 1019 1987 presidens
1041 1899 1095 1966 ille
1118 1921 1254 1985 presens
1276 1911 1327 1966 est
1352 1921 1510 1967 excessus

239 2003 245 2014 '
369 1983 509 2088 ¹0⁵huius
530 2004 680 2070 ultricem
703 2025 824 2090 penam
846 2005 1068 2088 pecuniariam
1094 2006 1209 2070 statim
1235 2005 1391 2090 excipiet.
1436 2006 1508 2071 Ab·

411 2119 508 2174 sente
528 2129 607 2173 vero
633 2109 831 2193 presidente,
856 2108 983 2176 illatam
1008 2109 1159 2174 iniuriam
1185 2107 1214 2174 si
1237 2119 1427 2175 constanter
1452 2109 1508 2174 ille

410 2211 580 2295 negauerit
603 2221 637 2277 et
659 2210 914 2276 acclamauerint
935 2213 1151 2279 consedentes
1172 2213 1298 2279 dixisse
1320 2233 1398 2279 eum
1417 2213 1508 2298 quod

410 2314 473 2380 sibi
494 2314 644 2391 obicitur,
659 2314 889 2380 nichilominus
917 2316 1039 2401 regicui
1067 2315 1227 2382 militatur
1275 2319 1309 2382 in
1334 2317 1508 2400 pecuniam

410 2438 486 2483 reus
499 2417 615 2484 statim
633 2419 834 2484 iudicabitur
853 2419 915 2484 nisi
933 2419 1138 2485 festinauerit
1156 2419 1357 2504 postulando
1381 2421 1507 2485 miseri-

366 2547 397 2584 πο
410 2521 556 2587 cordiam
580 2522 752 2606 preuenire
774 2522 942 2589 iudicium.
987 2522 1087 2608 Quod
1110 2525 1139 2588 si
1161 2545 1198 2590 se
1220 2523 1362 2590 inuicem
1385 2524 1431 2588 hii
1448 2525 1507 2608 qui

413 2626 456 2691 ad
482 2626 682 2691 scaccarium
708 2625 852 2691 resident
881 2627 1122 2694 contumeliosa
1147 2626 1297 2712 qualibet
1322 2627 1507 2693 obiectione

410 2727 665 2809 molestauerint,
690 2730 915 2795 mediantibus
945 2731 1018 2796 aliis
1047 2732 1097 2796 sui
1126 2732 1253 2797 ordinis
1283 2733 1447 2810 ministris,
1472 2731 1507 2795 in

410 2853 528 2918 pacem
551 2835 698 2913 redeant,
725 2842 759 2899 et
780 2834 923 2901 satisfiat
948 2836 993 2900 ab
1014 2835 1086 2919 ipso
1111 2836 1169 2920 qui
1195 2835 1406 2900 innocentem
1430 2832 1507 2900 lesit

408 2939 452 3004 ad
470 2958 583 3003 eorum
603 2937 857 3004 estimationem.
902 2937 939 3004 Si
961 2959 1040 3004 vero
1061 2940 1269 3023 acquiescere
1290 2936 1441 3015 noluerit,
1456 2947 1508 3004 set

364 3063 395 3117 ²5
410 3043 516 3130 magis
532 3044 565 3109 in
579 3063 639 3108 sua
658 3045 848 3108 temeritate
862 3044 1131 3127 perseuerauerit,
1146 3051 1352 3127 proponatur
1367 3042 1505 3107 verbum

409 3148 590 3230 presidenti
604 3157 640 3214 et
652 3149 696 3214 ab
715 3167 755 3212 eo
769 3147 985 3230 postmodum
1003 3145 1094 3230 quod
1115 3147 1240 3212 iustum
1256 3146 1354 3212 fuerit
1368 3155 1506 3230 vterque

409 3251 574 3336 suscipiat
620 3250 776 3317 Ceterum
797 3251 824 3314 si
843 3272 903 3336 per
919 3250 1120 3316 incentorem
1140 3249 1303 3316 malorum
1324 3249 1505 3325 diabolum,

409 3357 466 3439 qui
496 3357 637 3421 fraterne
667 3357 759 3438 pacis
787 3355 964 3420 iocundam
994 3353 1139 3419 leticiam
1167 3373 1234 3419 non
1265 3354 1359 3436 equis
1388 3352 1507 3436 aspicit

410 3457 523 3536 oculis,
546 3459 616 3524 fieri
642 3459 819 3544 contigerit
843 3468 881 3524 vt
908 3459 994 3524 inter
1016 3459 1105 3542 ipsos
1128 3457 1271 3524 maiores
1293 3456 1507 3522 dissensionis

363 3586 395 3638 30
410 3562 535 3627 oriatur
548 3564 686 3641 occasio,
700 3563 830 3640 deinde,
844 3563 935 3646 quod
949 3561 1045 3640 absit,
1060 3570 1266 3627 succrescant
1280 3559 1505 3625 conuiciorum

407 3666 514 3748 iurgia
542 3675 587 3746 et,
613 3665 758 3730 addente
786 3665 938 3732 stimulos
969 3665 1128 3746 Sathana,
1160 3684 1220 3749 per
1249 3665 1332 3730 alios
1361 3661 1507 3746 collegas

411 3770 520 3853 operis
542 3769 690 3834 eiusdem
713 3789 782 3852 pax
804 3769 974 3834 reformari
996 3789 1063 3834 non
1086 3770 1200 3853 possit,
1215 3769 1334 3833 horum
1355 3768 1505 3833 omnium

409 3872 556 3956 cognitio
586 3871 649 3955 ipsi
678 3871 817 3956 principi
850 3873 1071 3939 reseruabitur
1083 3894 1092 3952 ;
1122 3873 1179 3957 qui
1201 3872 1384 3937 secundum
1413 3870 1505 3953 quod

407 3977 499 4043 cordi
520 3996 582 4042 suo
604 3976 695 4056 deus,
710 3975 745 4040 in
766 3975 859 4042 cuius
881 3997 981 4042 manu
999 3977 1110 4060 ipsum
1133 3984 1195 4058 est,
1212 3974 1429 4060 inspirauerit,
1443 3995 1505 4040 ex-

442 4191 779 4267 3addictus1additusN
845 4191 1042 4266 ssue1siueC
1105 4192 1307 4263 7ministraC
1366 4207 1398 4263 13
1409 4190 1505 4264 probis

406 4265 445 4323 C:
465 4265 586 4339 propriis
598 4267 635 4322 N
686 4280 719 4334 14
737 4265 783 4322 ille
794 4266 888 4323 συιδ
948 4277 979 4334 17
992 4265 1211 4322 acclamauerint
1223 4265 1351 4320 Madox:
1365 4264 1505 4320 acclame-

405 4337 462 4394 rint
478 4339 515 4395 C:
534 4337 732 4395 acclamanerit
743 4337 803 4392 NR
866 4350 900 4406 19
918 4335 1097 4393 iudicaturC
1155 4349 1187 4392 21
1203 4335 1365 4407 quelibetC
1416 4347 1450 4403 23
1462 4331 1504 4405 et]

405 4409 482 4466 vtN
548 4406 1100 4481 24,25set...petseueraueritom.R
1175 4406 1424 4478 34manuonaC
1500 4466 1504 4474 ,
