3360 5172
191 403 277 474 rsa
296 399 334 495 s]
561 405 628 474 os
651 404 926 475 scnccnnro
1250 428 1293 498 93

192 581 314 662 potest.
360 573 461 642 Nunc
481 595 549 660 que
565 584 642 642 sunt
664 594 778 642 eorum
801 576 872 642 iura
889 575 944 643 vel
964 575 1143 664 dignitates
1164 577 1295 647 ratione

192 678 349 746 sessionis
364 679 408 744 ad
425 680 626 746 scaccarium
641 680 865 748 ostendemus.

237 781 384 867 Oportet
402 792 516 850 autem
530 784 574 851 de
594 793 705 852 cetero
722 793 760 850 vt
780 782 877 851 nobis
895 783 1038 870 amplius
1052 761 1367 894 parcatlinguax¹1¹

192 887 389 954 detractoris
404 896 439 953 et
453 889 537 955 dens
556 889 686 956 emulus
698 910 742 956 ne
760 887 864 958 laniet
878 890 1076 957 insultando.
1121 890 1192 956 Vix
1208 885 1294 958 en'im

192 991 237 1056 ad
253 991 407 1057 notitiam
423 1001 517 1058 tuam
537 993 663 1078 aliquid
680 993 799 1062 horum
816 986 1022 1080 pertingeret¹
1034 995 1062 1060 si
1083 1015 1151 1062 non
1165 996 1324 1075 vsitatis5

193 1113 304 1160 rerum
322 1094 501 1176 vocabulis,
520 1105 572 1163 set
589 1096 759 1181 exquisito
779 1098 955 1164 verborum
972 1097 1121 1181 scemati,
1142 1097 1197 1165 vel
1214 1119 1295 1166 con·

193 1195 282 1264 fictis
298 1199 489 1267 nominibus
503 1200 700 1268 duxerimus
713 1201 943 1269 insistendum.

236 1300 434 1385 Discentur.
478 1301 593 1371 Solam
614 1306 791 1372 verborum
814 1306 998 1372 nouitatem
1020 1325 1041 1371 a
1061 1306 1225 1393 principio
1247 1307 1296 1372 vi·
1398 1339 1403 1352 ·

193 1413 267 1471 tare
283 1405 455 1490 premonui
479 1417 513 1474 et
535 1408 621 1476 circa
644 1410 836 1477 communia
856 1409 1088 1478 communibus
1110 1419 1145 1478 et
1165 1411 1295 1477 usitatis

194 1507 250 1575 vbi
264 1510 374 1576 verbis
388 1511 527 1592 obtinui,
538 1533 580 1579 ne
594 1512 813 1599 disciplinalia
821 1515 1008 1582 rudimenta
1018 1515 1151 1582 nouitas
1165 1514 1295 1582 insueta
1309 1539 1341 1578 re

194 1613 353 1680 turbaret.
398 1615 456 1682 Sic
477 1615 580 1701 igitur
599 1627 637 1685 vt
655 1617 773 1702 cepisti
793 1627 929 1704 ceptum
948 1617 1050 1684 libeat
1068 1616 1130 1684 iter
1148 1617 1295 1704 explere.

167 1789 175 1805 .
197 1713 299 1800 Quod
314 1718 342 1784 si
356 1728 392 1785 te
405 1720 454 1788 sic
464 1722 668 1805 gradientem
679 1722 874 1790 detractoris
885 1721 996 1788 emula
1009 1742 1104 1788 mens
1115 1720 1168 1789 vel
1182 1721 1296 1808 lingua

195 1822 351 1906 repperit,
372 1823 453 1890 illud
476 1824 628 1892 obtineas
653 1827 698 1894 ab
720 1848 761 1894 eo
781 1835 819 1892 vt
840 1826 898 1911 qui
926 1826 961 1892 in
982 1826 1112 1911 scriptis
1133 1825 1202 1892 suis
1224 1827 1296 1892 sine

195 1934 335 2010 peccato
350 1937 401 1994 est
418 1929 545 2014 primus
559 1930 594 1996 in
608 1939 643 1997 te
658 1929 805 2016 lapidem
820 1932 941 1997 mittat

236 2030 414 2116 Magister.
458 2032 588 2119 Sponte
616 2054 718 2119 parco
746 2037 930 2102 dummodo
957 2034 1016 2101 lex
1045 2034 1109 2100 ista
1136 2041 1340 2110 seruetur.15

196 2135 354 2222 Dignitas
377 2137 589 2203 residentium
610 2140 654 2204 ad
678 2138 880 2205 scaccarium
901 2138 935 2203 in
961 2137 1111 2223 pluribus
1133 2136 1294 2205 consistit.

195 2240 275 2309 Siue
301 2240 389 2306 enim
416 2240 460 2306 de
485 2239 574 2307 clero
595 2241 663 2308 sint
686 2242 756 2308 siue
779 2242 823 2308 de
847 2241 933 2328 regis
954 2241 1044 2309 curia
1069 2240 1127 2326 qui
1149 2241 1296 2310 assident

195 2365 241 2412 ex
256 2345 424 2423 mandato,
438 2345 481 2411 ab
497 2365 538 2410 ea
554 2345 610 2411 die
623 2366 691 2431 qua
704 2347 904 2413 conueniunt
923 2367 1029 2430 vsque
1049 2348 1094 2412 ad
1108 2345 1296 2431 generalem

194 2449 413 2516 secessionem
443 2449 486 2513 ad
513 2448 596 2516 alias
621 2448 784 2534 quaslibet
813 2470 930 2517 causas
955 2451 1018 2518 sub
1043 2450 1297 2535 quibuscunque

193 2552 355 2620 iudicibus
378 2571 445 2617 non
467 2563 654 2631 euocantur,
677 2555 762 2620 etsi
784 2554 869 2620 sorte
890 2555 997 2621 vocati
1018 2553 1140 2620 suerint
1167 2553 1296 2620 ratione
1309 2573 1342 2613 πο

196 2655 330 2743 publice
344 2655 519 2740 potestatis
529 2667 744 2724 excusantur.
788 2656 889 2742 Quod
903 2659 931 2724 si
946 2668 1023 2726 sunt
1037 2667 1165 2725 actores
1180 2668 1214 2725 et
1228 2677 1296 2744 non

196 2761 243 2826 rei
258 2761 315 2845 qui
330 2760 479 2864 assident
498 2768 532 2827 et
549 2759 632 2828 alias
645 2762 772 2829 habent
785 2763 871 2842 lites,
891 2763 926 2828 in
941 2783 1056 2830 eorum
1077 2761 1140 2830 erit
1159 2761 1295 2829 arbitrio

196 2863 249 2930 vel
260 2864 403 2949 experiri
414 2883 474 2947 per
484 2876 731 2948 procuratorem
738 2865 792 2933 vel
801 2866 926 2952 absque
936 2866 1027 2932 omni
1036 2865 1237 2932 detrimento
1247 2863 1298 2931 sui

196 2968 275 3035 iuris
289 2968 378 3033 diem
392 2987 582 3054 prorogare.
627 2968 665 3036 Si
686 2990 765 3036 vero
783 2970 885 3036 iudex
902 2970 966 3035 sub
986 2989 1054 3054 quo
1072 2967 1215 3053 litigant,
1227 2967 1299 3034 siue

199 3072 245 3138 sit
262 3071 505 3140 ecclesiasticus
525 3072 597 3138 siue
618 3072 764 3150 sorensis,
780 3072 863 3158 legis
884 3072 982 3138 huius
1002 3072 1144 3156 ignarus,
1163 3071 1208 3137 ab
1230 3071 1296 3136 iam
1311 3097 1341 3151 ος

196 3178 288 3244 dicta
311 3176 367 3243 die
388 3177 636 3244 conuocationis
657 3179 702 3243 ad
723 3177 924 3243 scaccarium
945 3176 1095 3248 citauerit
1115 3174 1331 3260 quemlibetB

198 3300 324 3359 corum,
337 3289 371 3347 et
383 3282 556 3347 absentem
568 3279 653 3349 sorte
668 3301 728 3366 per
738 3280 938 3347 sententiam
952 3278 1161 3365 possessione
1170 3298 1231 3345 sua
1244 3277 1299 3344 vel

197 3384 316 3470 quouis
337 3384 408 3451 iure
425 3383 625 3468 spoliauerit,
639 3385 836 3452 auctoritate
855 3383 1013 3469 principis
1034 3392 1068 3448 et
1088 3381 1216 3448 ratione
1230 3399 1298 3446 ses·

197 3489 298 3556 donis
313 3490 525 3555 reuocabitur
544 3489 579 3554 in
600 3509 677 3555 eum
697 3499 822 3556 statum
845 3509 946 3553 causa
963 3487 1066 3573 ipsius
1088 3486 1122 3552 in
1141 3506 1209 3571 quo
1226 3495 1299 3553 erat

196 3603 275 3659 ante
286 3593 488 3660 citationem.
532 3592 594 3660 Set
609 3591 712 3660 iudex
722 3603 859 3678 propter
874 3591 938 3657 hoc
949 3591 1056 3677 puniri
1071 3612 1139 3657 non
1155 3590 1275 3657 memit
1289 3610 1297 3670 ;
1311 3621 1343 3675 30

196 3697 288 3783 quod
314 3697 403 3762 enim
430 3696 482 3764 sui
508 3697 607 3764 officii
630 3706 682 3763 est
708 3706 870 3763 executus
892 3706 952 3775 est,
978 3695 1055 3762 licet
1076 3716 1138 3782 pro
1162 3695 1298 3781 publica

196 3810 365 3887 potestate
388 3819 457 3866 non
479 3811 705 3884 consequatur
726 3800 891 3868 effectum.
936 3800 1040 3885 Quod
1059 3799 1087 3866 si
1108 3800 1155 3866 sic
1176 3800 1299 3868 citatus

196 3905 296 3971 inerit
310 3913 347 3970 vt
357 3902 466 3971 fatalis
475 3905 558 3986 dies,
571 3903 645 3990 lege
656 3906 904 3986 determinatus,
914 3906 978 3971 sibi
989 3904 1199 3985 constitutus,
1208 3904 1297 3970 diem

195 4008 444 4076 conuocationis
466 4010 511 4074 ad
532 4009 730 4075 scaccarium
752 4008 932 4094 preueniat.
947 4028 1015 4074 non
1034 4007 1157 4093 poterit
1178 4028 1216 4075 se
1236 4027 1299 4092 per

197 4113 281 4179 illud
302 4132 471 4192 excusare,
493 4111 546 4178 vel
568 4112 687 4179 iudicis
712 4114 911 4179 sententiam
936 4111 1109 4191 declinare,
1129 4110 1182 4178 vel
1206 4111 1240 4176 in
1261 4131 1298 4177 se
1311 4141 1344 4194 35

233 4249 435 4332 3vtom.rVR
537 4248 695 4308 drebusC
804 4248 987 4307 coniectisN
1083 4246 1299 4320 9et1etumx

198 4333 233 4389 13
251 4321 443 4391 reppererrtR
544 4334 578 4392 23
595 4337 647 4392 per
661 4337 717 4404 pm.
727 4320 778 4378 CR
871 4333 907 4404 34
923 4337 975 4393 pro
1084 4320 1214 4376 Modra:
1234 4335 1298 4404 pre·

195 4391 392 4519 &myli
431 4474 465 4535 ³⁵
478 4407 628 4520 prerogare
639 4391 754 4518 {lenense
829 4403 863 4462 27
880 4391 991 4449 dlomm
1105 4403 1138 4462 ³1
1152 4395 1299 4463 postem
