3360 5172
408 389 472 470 14⁶
778 385 844 456 nn
868 385 1141 458 scrccrnro
1349 385 1394 480 [11
1410 390 1477 458 xrs
1495 403 1523 460 c

448 571 644 656 Disciprdur.
690 569 801 638 Cerno
825 570 916 655 quod
942 569 976 636 in
998 571 1151 638 omnibus
1174 569 1312 637 modum
1336 583 1521 641 sementes

405 697 537 762 semper
552 675 651 760 regiis
665 675 850 742 commodis
865 674 1031 741 inheretis.

449 779 625 864 Magister.
671 779 865 845 Memoriter
884 787 977 844 tenes
996 778 1077 863 quid
1098 778 1141 843 de
1157 777 1284 845 ciuibus
1297 777 1350 844 vel
1365 781 1519 864 burgen·

409 883 500 948 srlrus
523 899 589 949 non
616 880 820 949 soluentibus
843 883 887 950 sit
912 882 1088 968 egelidum.
1131 879 1284 965 Quodsi
1306 881 1392 948 iorte
1414 883 1519 949 miles

368 975 529 1078 §aliquis
551 985 603 1052 vel
628 985 820 1054 liberalius
844 1007 866 1052 a
890 985 941 1052 sui
966 994 1074 1050 status
1098 984 1271 1069 dignitate,
1292 987 1382 1068 quod
1409 989 1517 1068 absit,

407 1091 611 1177 degenerans
632 1088 886 1174 multiplicandis
906 1088 1049 1156 denariis
1064 1108 1124 1172 per
1137 1088 1271 1171 publica
1287 1089 1515 1168 mercimonia,

403 1195 458 1262 vel
481 1215 543 1281 per
564 1194 789 1279 turpissimum
815 1213 920 1280 genus
944 1202 1088 1278 questus,
1112 1193 1204 1276 quod
1235 1203 1287 1259 est
1314 1215 1375 1278 per
1400 1193 1515 1276 senus,

404 1299 559 1366 institerit
588 1309 622 1365 et
651 1308 771 1366 exacta
799 1309 920 1382 sponte
949 1318 1016 1362 non
1044 1295 1189 1371 soluerit,
1219 1317 1286 1362 non
1315 1319 1375 1381 per
1404 1299 1512 1367 tidem

403 1411 534 1468 tantum
555 1405 598 1470 de
618 1422 686 1468 non
707 1403 849 1468 inuentis
869 1403 1054 1468 vicecomes
1073 1400 1270 1480 absoluetur,
1289 1422 1412 1482 verum,
1430 1423 1512 1470 cum

360 1531 392 1568 ιο
403 1507 465 1574 hec
489 1508 669 1592 presidenti
694 1507 905 1592 suggesserit,
927 1506 1113 1571 districtum
1142 1505 1186 1571 ab
1212 1505 1286 1589 ipso
1311 1507 1511 1574 mandatum

404 1613 561 1697 suscipiet
589 1622 626 1679 vt
657 1614 701 1679 de
732 1631 872 1690 summa,
901 1631 966 1695 que
999 1608 1042 1675 ab
1072 1608 1130 1675 illo
1160 1611 1343 1694 requiritur,
1372 1611 1512 1676 statutis

404 1717 551 1782 terminis
576 1715 736 1782 soluenda
759 1714 969 1782 fideiussores
991 1713 1155 1790 inueniat3
1192 1714 1282 1796 quod
1305 1714 1332 1780 si
1355 1714 1510 1796 noluerit,

404 1841 520 1886 omnes
535 1821 606 1887 eius
621 1820 768 1886 redditus
784 1817 982 1899 infiscentur,
996 1826 1033 1883 vt
1047 1817 1080 1882 in
1095 1817 1159 1883 hac
1174 1826 1270 1901 parte
1285 1817 1403 1884 merito
1417 1817 1478 1886 frat

457 1924 538 1990 ‘hiis
559 1923 676 1990 similis
697 1924 755 2008 qui
777 1921 1001 2008 multiplicant
1022 1939 1223 2005 quocunque
1246 1923 1349 1988 modo
1372 1920 1463 1988 rem.’

361 2049 390 2100 ιε
446 2027 645 2112 Disa'pulus.
690 2026 838 2112 Dignum
855 2045 981 2092 revera
995 2033 1046 2090 est
1060 2035 1097 2090 vt
1111 2043 1132 2088 a
1147 2033 1236 2089 statu
1256 2045 1319 2090 suo
1338 2045 1400 2108 pro
1417 2025 1509 2108 turpi

403 2142 523 2215 questu
544 2132 708 2213 recedens,
723 2131 868 2216 degener
891 2131 985 2195 miles
1003 2128 1057 2193 vel
1076 2128 1160 2193 liber
1180 2127 1264 2194 alius
1285 2138 1396 2213 preter
1415 2149 1508 2194 com·

404 2254 538 2300 munem
553 2235 729 2299 liberorum
746 2232 854 2320 legem
869 2234 1032 2319 puniatur.
1071 2229 1213 2297 Setiam
1229 2250 1326 2309 nunc,
1340 2232 1368 2296 si
1383 2232 1507 2316 placet,

404 2337 545 2404 edissere
569 2357 635 2420 que
661 2348 747 2413 sunt,
768 2358 834 2422 que
858 2357 921 2422 pro
946 2335 1073 2402 catallis
1094 2335 1173 2410 eius,
1195 2333 1252 2420 qui
1273 2337 1344 2419 regi
1366 2325 1507 2415 tenetur,

403 2442 546 2508 debeant
572 2441 749 2524 imputari;
780 2451 815 2508 et
839 2451 950 2506 vtrum
977 2441 1020 2506 ab
1046 2437 1200 2505 omnibus
1223 2440 1336 2504 omnia
1358 2439 1507 2506 tollenda

359 2567 390 2602 ιο
403 2554 481 2612 sunt
508 2567 530 2611 a
554 2544 755 2625 vicecomite,
776 2564 950 2629 quousque
980 2563 1120 2623 summa,
1140 2563 1205 2628 que
1235 2543 1417 2626 requiritur,
1442 2563 1504 2608 ex·

404 2658 509 2733 urgat,
526 2650 661 2734 quando
675 2649 801 2716 scilicet
815 2648 1004 2736 principalis
1018 2648 1149 2713 debitor
1163 2655 1283 2712 exacta
1297 2657 1418 2730 sponte
1433 2667 1502 2713 non

357 2809 364 2822 .
403 2753 515 2820 soluit.

331 2823 391 2939 ΠΧ
446 2857 621 2942 Magirter.
667 2856 707 2922 In
728 2855 866 2942 pelagus
893 2875 946 2921 me
972 2854 1182 2940 questionum
1210 2853 1361 2938 impellis,
1383 2853 1504 2934 nescio,

403 2965 486 3030 deus
500 2962 571 3040 scit,
586 2981 653 3045 qua
668 2981 879 3026 emersurum.
925 2959 1065 3025 Noueris
1080 2959 1193 3042 itaque
1206 2958 1297 3042 quod
1311 2958 1365 3022 hic
1385 2958 1503 3023 iterum

358 3089 389 3140 25
405 3086 617 3150 personarum
633 3064 796 3132 distinctio
812 3063 995 3130 necessaria
1005 3071 1064 3142 est,
1075 3061 1160 3127 sicut
1171 3082 1215 3126 ex
1227 3060 1503 3144 consequentibus

403 3171 550 3254 liquebit.
593 3168 723 3235 Vellem
753 3179 867 3234 tamen
897 3169 930 3232 in
959 3167 1021 3232 hac
1052 3174 1146 3250 parte
1174 3165 1254 3230 mihi
1284 3185 1434 3249 parceres
1461 3186 1503 3232 ne

404 3276 552 3360 pluribus
574 3265 777 3359 displicitura
799 3272 943 3357 proferre
964 3269 1155 3355 compellas.

446 3379 644 3464 Dr'scipulus.
696 3376 789 3441 Dum
805 3399 825 3442 a
841 3377 923 3462 legis
937 3375 1118 3440 constitute
1140 3373 1274 3462 tramite
1289 3393 1355 3439 non
1371 3373 1500 3438 exorbi-
1539 3442 1543 3449 ,

403 3484 535 3563 taueris,
549 3484 670 3548 iustam
692 3480 861 3566 prudentis
881 3477 1041 3544 offensam
1061 3497 1127 3543 non
1149 3476 1345 3557 mereberis;
1370 3477 1460 3561 quod
1474 3479 1501 3542 si

358 3587 455 3656 socui
476 3606 577 3671 graue
598 3587 775 3664 videbitur,
797 3585 887 3669 quod
910 3583 967 3648 lex
989 3583 1113 3660 statuit,
1134 3581 1166 3647 ei
1189 3581 1247 3664 qui
1272 3581 1419 3649 condidit
1441 3582 1499 3648 ira·

402 3697 514 3754 scatur
527 3709 594 3754 non
609 3689 678 3753 tibi.

444 3791 621 3874 Magister.
668 3791 726 3857 Ab
752 3792 846 3859 initio
871 3790 1004 3858 debitor
1027 3789 1090 3856 tibi
1115 3788 1223 3855 lactus
1248 3808 1323 3854 sum
1352 3808 1398 3853 ex
1427 3808 1499 3872 pro·

402 3916 503 3961 mmo
517 3987 525 4016 ‘
537 3982 625 4048 Hinc
647 3991 698 4048 est
720 3981 810 4066 quod
833 3981 949 4047 nolens
970 3988 1089 4045 teneor
1109 3998 1226 4064 parere
1247 3975 1395 4064 petenti?

355 4103 386 4157 ss
402 4085 600 4153 Debitorum
627 4086 736 4173 igitur,
757 4087 815 4170 qui
838 4093 957 4151 exacta
981 4093 1103 4169 sponte
1129 4101 1196 4147 non
1219 4082 1362 4163 soluunt,
1383 4079 1499 4148 catalla

436 4319 453 4374 3
471 4314 570 4361 tenens
581 4305 609 4360 R
690 4317 707 4373 7
725 4302 800 4376 quod
815 4303 839 4358 C
847 4301 991 4358 astartis:
1010 4301 1066 4357 hoc
1077 4300 1114 4355 N
1119 4315 1127 4356 ε
1147 4317 1200 4356 om.
1212 4301 1240 4356 R
1320 4315 1338 4372 9
1356 4300 1393 4356 de
1404 4317 1457 4374 om.
1469 4301 1502 4356 Ν

403 4390 435 4445 14
453 4374 565 4447 similis]
578 4375 661 4433 simul
671 4376 700 4430 R
769 4389 804 4442 24
822 4389 1000 4429 emensurum
1011 4373 1047 4427 Ν
1114 4373 1149 4428 28
1166 4372 1228 4442 lege
1240 4371 1278 4426 Ν
1342 4384 1378 4441 34
1390 4371 1498 4445 nolens]

400 4447 546 4505 volensN
615 4450 792 4519 postparerc
804 4441 1091 4502 add.velvolentiN
