3360 5172
182 368 238 427 rx
252 353 291 451 n]
547 362 615 429 un
638 360 913 432 SCAccAR10
1239 379 1281 448 99

181 531 286 600 leodis
301 533 446 600 militum
466 555 631 600 summam
650 533 796 619 aliquam
815 534 909 612 solui,
926 554 1072 601 marcam
1091 532 1217 602 scilicet
1230 534 1284 600 vel

181 634 299 702 libram
323 658 435 719 unam,
459 640 546 704 vnde
571 637 732 704 militibus
756 638 923 723 stipendia
944 637 997 704 vel
1023 639 1183 704 donatiua
1208 658 1283 706 suc·

181 743 313 806 cedant.
372 742 504 809 Mauult
524 743 614 809 enim
635 743 788 828 princeps
809 742 1029 826 stipendarios
1045 742 1280 826 quamdome-

179 845 281 911 sticos
300 845 430 912 bellicis
448 866 620 931 opponere
641 846 780 912 casibus
826 846 900 912 Hec
919 847 1032 930 itaque
1050 865 1190 926 summa,
1204 846 1283 929 quia

179 951 315 1014 nornine
329 959 499 1015 scutorum
514 950 663 1030 soluitur,
677 951 863 1034 scutagium
881 957 1100 1033 nuncupatur.
1132 946 1202 1034 ¹Ab
1216 948 1279 1013 hac
1294 975 1309 1028 5

179 1061 294 1118 autem
309 1054 414 1137 quieti
428 1063 506 1120 sunt
521 1057 564 1121 ad
579 1055 780 1121 scaccarium
795 1055 986 1121 residentes

224 1156 327 1223 Porro
356 1159 528 1224 murdrum
558 1159 689 1243 proprie
715 1158 835 1223 dicitur
864 1178 954 1224 mors
982 1156 1120 1223 alicuius
1149 1145 1319 1261 occulta}

179 1262 273 1328 cuius
288 1262 478 1329 interlector
492 1263 670 1349 ignoratur.
716 1263 890 1327 Murdrum
908 1262 997 1327 enim
1015 1262 1105 1328 idem
1124 1262 1279 1344 estquod

178 1365 410 1432 absconditum
425 1366 478 1432 vel
493 1367 669 1434 occultum
717 1367 756 1431 In
772 1367 942 1451 primitiuo
956 1367 1068 1450 itaque
1081 1365 1173 1449 regni
1187 1373 1277 1430 statu

178 1479 257 1556 post
281 1469 555 1554 conquisitionem
583 1471 641 1553 qui
668 1469 772 1536 relicti
798 1469 928 1535 fueraut
950 1471 996 1535 de
1021 1468 1172 1554 Anglicis
1197 1467 1276 1532 sub·
1292 1489 1324 1527 ιο

176 1573 271 1650 actis,
294 1573 327 1639 in
349 1583 538 1657 suspectam
559 1583 594 1640 et
613 1594 751 1640 exosam
771 1573 834 1640 sibi
854 1573 1122 1638 Normanuorum
1141 1581 1276 1657 gentem

176 1676 320 1742 latenter
334 1677 505 1761 ponebant
520 1677 664 1757 insidias,
679 1687 714 1744 et
731 1677 855 1762 passim
873 1677 963 1761 ipsos
983 1676 1017 1740 in
1036 1675 1226 1741 nemoribus
1240 1683 1277 1740 et

176 1779 259 1847 locis
273 1782 419 1861 remotis,
434 1792 532 1847 nacta
546 1781 806 1866 opportunitate,
821 1779 971 1847 clanculo
985 1780 1190 1864 iugulabant.
1234 1778 1276 1844 In

176 1904 318 1968 quorum
337 1885 462 1952 ultione
487 1906 564 1951 cum
587 1907 682 1971 reges
704 1895 738 1952 et
761 1905 875 1952 eorum
902 1883 1043 1950 ministri
1068 1903 1128 1969 per
1148 1883 1275 1967 aliquot

176 2009 282 2054 annos
310 1990 485 2073 exquisitis
515 2000 758 2056 tormentorum
779 1989 955 2074 generibus
976 1989 1010 2053 in
1031 1987 1194 2072 Anglicos
1216 1987 1319 2059 de·15

174 2094 328 2173 seuirent,
343 2115 404 2160 nec
421 2103 534 2160 tamen
551 2095 599 2159 sic
618 2095 754 2161 omnino
776 2094 984 2170 desisterent,
1000 2093 1034 2157 in
1053 2091 1119 2158 hoc
1137 2091 1274 2158 taudem

175 2196 371 2264 deuolutum
392 2209 443 2265 est
464 2198 648 2278 consilium,
673 2207 711 2264 vt
734 2198 922 2277 centuriata,
941 2217 1041 2281 quam
1063 2196 1273 2261 hundredum

158 2301 299 2382 dicunt,
332 2303 366 2368 ln
395 2323 462 2387 qua
491 2304 537 2368 sic
567 2303 758 2368 interiectus
791 2303 1005 2367 Normannus
1035 2299 1273 2377 inueniebatur,

173 2406 265 2489 quod
280 2407 396 2472 mortis
415 2406 484 2471 eius
503 2406 651 2472 minister
664 2426 730 2471 non
751 2407 898 2487 extabat,
912 2426 973 2471 uec
993 2424 1053 2490 per
1068 2403 1183 2488 lugam
1197 2403 1272 2487 quis

173 2518 262 2574 esset
276 2509 423 2593 patebat,
437 2511 472 2574 in
486 2529 651 2576 summam
672 2511 834 2594 grandem
849 2508 978 2595 argenti
995 2507 1177 2573 examinati
1190 2505 1272 2571 fisco
1287 2536 1319 2574 ιο

173 2613 493 2697 condempnaretur3
515 2614 659 2696 quedam
679 2614 805 2680 scilicet
821 2614 855 2679 in
870 2613 981 2678 xxxvi
999 2613 1109 2691 libras,
1125 2612 1270 2695 quedam

173 2715 207 2780 in
234 2713 320 2781 xliiii
347 2717 458 2798 libras,
481 2718 662 2784 secundum
687 2718 836 2784 locorum
861 2717 1088 2784 diuersitatern
1114 2724 1149 2780 et
1172 2715 1272 2782 inter-

172 2819 323 2884 sectionis
336 2820 566 2905 frequentiam.
611 2819 713 2905 Quod
728 2822 806 2887 ideo
821 2820 946 2888 sactum
959 2819 1085 2899 dicunt,
1097 2827 1135 2885 vt
1146 2817 1270 2885 scilicet

173 2941 260 3004 pena
280 2924 476 3007 generaliter
490 2924 614 2992 inflicta
636 2925 897 3011 pretereuntium
920 2923 1172 2990 indemnitatem
1193 2941 1269 3005 pro·

172 3038 310 3107 curaret,
324 3037 359 3095 et
379 3028 551 3094 festinaret
573 3029 714 3113 quisque
736 3037 868 3094 tautum
886 3027 1004 3114 punire
1025 3026 1193 3105 delictum,
1216 3024 1269 3090 vel
1284 3050 1314 3104 25

172 3131 289 3198 offerre
303 3131 423 3198 iudicio
437 3145 497 3218 per
511 3153 612 3217 quem
627 3143 696 3199 tam
712 3133 858 3199 enormis
872 3133 998 3198 iactura
1012 3139 1120 3197 totam
1135 3128 1269 3195 ledebat

171 3235 333 3301 viciniam.
377 3234 436 3302 Ab
449 3237 577 3316 horum,
590 3246 628 3304 vt
643 3237 860 3322 prediximus,
874 3235 1040 3303 solutione
1056 3235 1210 3300 sedentes
1225 3235 1270 3300 ad

170 3339 320 3406 tabulam
335 3340 456 3408 liberos
470 3357 623 3407 noueras.

213 3443 412 3529 Discipulus.
457 3445 629 3530 Numquid
650 3466 711 3532 pro
731 3443 866 3511 murdro
886 3445 986 3510 debet
1002 3443 1158 3530 imputari
1175 3441 1267 3512 clan-

171 3548 300 3616 destina
315 3569 405 3615 mors
418 3549 554 3634 Anglici
569 3551 654 3616 sicut
669 3547 878 3615 Normanni?
1280 3565 1313 3620 30

213 3651 390 3736 Magister.
433 3654 470 3720 A
489 3654 598 3738 prima
611 3653 818 3720 institutione
837 3673 904 3719 non
921 3653 1022 3720 debet
1037 3650 1123 3718 sicut
1136 3650 1268 3731 audisti,

170 3763 221 3823 set
236 3754 301 3822 iam
316 3756 583 3823 cohabitantibus
597 3755 749 3842 Anglicis
764 3767 799 3823 et
815 3757 1016 3823 Normannis
1030 3766 1065 3822 et
1079 3755 1266 3822 alternatim
1278 3768 1300 3819 Β

168 3880 290 3926 uxores
301 3861 499 3927 ducentibus
509 3860 561 3956 vel
571 3859 781 3950 nubentibus,
792 3861 839 3927 sic
849 3861 1013 3946 permixte
1024 3870 1102 3926 sunt
1116 3861 1266 3927 nationes

168 3973 204 4028 vt
218 3965 277 4029 vix
293 3964 424 4032 decerni
440 3964 545 4050 possit
559 3950 672 4044 bodie,
685 3966 730 4031 de
745 3963 855 4031 liberis
875 3963 1000 4049 loquor,
1013 3964 1087 4048 quis
1101 3963 1266 4048 Anglicus

167 4068 241 4152 quis
256 4069 470 4134 Normannus
491 4067 535 4133 sit
548 4088 690 4152 genere3
716 4069 866 4153 exceptis
881 4069 1057 4135 dumtaxat
1076 4069 1266 4154 ascriptitiis
1278 4082 1310 4138 35

167 4171 225 4256 qui
250 4171 364 4237 villani
388 4172 549 4252 dicuntur,
577 4171 698 4257 quibus
718 4192 786 4238 non
810 4181 863 4238 est
882 4172 1033 4254 liberum,
1054 4172 1265 4239 obstantibus

214 4305 230 4347 2
248 4289 334 4362 vnde]
346 4291 472 4348 vnumR
584 4292 618 4348 16
637 4289 678 4362 in]
690 4289 816 4348 etiamR
921 4289 1269 4366 3opostsicutaddetc

165 4375 200 4433 3²
220 4361 379 4420 alternatim
389 4364 571 4434 smpsimus:
588 4362 751 4421 alterutrum
764 4361 842 4420 codd.
