3290 5134
373 383 415 452 70
739 368 806 435 DE
828 364 1103 437 SCACCARIO
1365 363 1396 460 [1
1410 385 1469 438 vc

371 559 431 626 per
459 538 615 606 clericum
639 537 819 604 discretum
848 539 876 604 si
902 537 971 624 regi
999 537 1091 604 visus
1123 535 1222 606 fuerit
1250 537 1333 606 alias
1362 541 1471 625 magis

372 643 581 722 necessarius,
595 641 827 721 administrat;
849 651 884 708 et
900 640 962 707 hec
984 651 1035 708 est
1052 641 1235 728 descriptio
1254 644 1353 710 tertie
1372 644 1470 709 sedis.

374 747 414 812 ln
433 755 552 829 quarto
572 765 697 812 scanno
717 745 809 828 quod
829 754 880 810 est
894 744 1087 830 oppositum
1106 743 1292 826 iustitiario‚
1307 745 1341 810 in
1361 745 1472 830 capite

372 850 495 916 residet
515 849 673 936 magister
694 847 843 915 Thomas
863 857 1086 932 cognomento
1108 847 1240 915 Brunus
1263 869 1340 916 cum
1362 849 1471 916 rotulo

344 954 472 1034 5terti0
492 953 612 1037 quiex
627 951 758 1018 novella
777 951 1023 1033 constitutione,
1041 951 1107 1019 hoc
1126 963 1178 1018 est
1195 973 1216 1017 a
1235 953 1373 1017 domino
1393 973 1472 1038 rege

372 1068 498 1137 nostro,
513 1057 648 1124 additus
669 1063 728 1122 est
774 1054 862 1138 Quia
884 1055 1046 1141 scriptum
1068 1064 1119 1122 est
1142 1055 1324 1122 ‘funiculus
1346 1054 1472 1139 triplex

372 1161 505 1227 difficile
527 1158 686 1225 soluitur.'
739 1157 821 1224 Post
841 1158 929 1224 hunc
949 1159 1135 1226 vicecomes
1156 1168 1191 1225 et
1212 1159 1322 1225 clerici
1342 1159 1392 1224 sui
1415 1159 1472 1244 qui

371 1264 520 1330 assident
542 1263 586 1330 ad
608 1272 802 1346 compotum
826 1281 904 1327 cum
925 1261 1021 1328 taleis
1042 1271 1077 1329 et
1098 1262 1173 1330 aliis
1195 1263 1409 1345 necessatis;
1438 1270 1472 1327 et

371 1366 434 1434 hec
449 1376 500 1434 est
516 1366 691 1451 dispositio
706 1375 825 1450 quarte
839 1366 937 1431 sedis

330 1493 362 1533 ιο
414 1471 610 1554 Dr'scipulus.
655 1469 806 1554 Scriptor
835 1469 986 1554 magistri
1009 1469 1141 1538 Thome
1169 1471 1331 1556 numquid
1357 1471 1472 1537 sedem

372 1573 475 1642 habet
490 1597 565 1640 curn
581 1575 654 1641 aliis
668 1573 909 1658 scriptoribus?

416 1679 593 1764 Magister.
638 1675 761 1744 Sedem
772 1679 908 1761 quidem
918 1676 1022 1744 habet
1036 1697 1104 1743 non
1120 1696 1197 1742 curn
1211 1677 1285 1746 aliis
1299 1680 1359 1745 sed
1374 1699 1474 1764 super

373 1783 466 1852 alios.

416 1883 615 1968 Dacipulus.
660 1883 774 1969 Quare
789 1883 863 1950 sic?

331 2010 362 2064 ¹5
417 1989 594 2072 Magister.
638 1988 726 2054 Cum
741 1988 831 2052 enirn
847 1988 894 2052 sic
908 1986 1069 2071 disposite
1083 1996 1194 2054 essent
1211 1990 1306 2055 sedes
1320 1988 1365 2054 ab
1379 1988 1474 2054 initio

374 2102 411 2160 vt
436 2094 576 2177 scriptor
601 2089 794 2157 thesaurarii
823 2093 868 2156 ad
898 2090 985 2157 latus
1015 2110 1113 2154 suum
1138 2090 1296 2157 resideret
1324 2093 1473 2174 nequid

375 2197 572 2264 scriberetur
595 2195 685 2277 quod
713 2192 846 2258 oculum
876 2195 948 2260 eius
971 2192 1142 2278 effugeret,
1165 2203 1199 2258 et
1229 2194 1309 2259 item
1336 2194 1474 2276 scriptor

375 2297 569 2366 cancellarie
592 2298 636 2363 ad
654 2297 743 2363 latus
766 2298 934 2382 scriptoris
957 2299 1149 2364 thesaurarii
1166 2306 1204 2362 vt
1221 2295 1362 2363 fideliter
1383 2297 1472 2360 exci-

336 2416 363 2467 n
376 2411 469 2488 peret
499 2401 590 2484 quod
617 2400 673 2467 ille
697 2401 933 2485 prescribebat,
956 2410 991 2467 et
1018 2401 1100 2466 item
1130 2400 1267 2468 clericus
1289 2399 1473 2466 cancellarii

331 2531 364 2568 re
376 2505 560 2572 necessario
575 2505 748 2591 proximus
764 2515 850 2570 esset
864 2505 911 2570 illi
926 2504 1076 2589 scriptori
1090 2525 1133 2572 ne
1147 2513 1260 2589 posset
1275 2523 1390 2580 errare,
1406 2523 1473 2568 non

375 2608 537 2695 superfuit
550 2610 644 2676 locus
662 2610 695 2674 in
712 2629 781 2693 quo
802 2609 943 2694 scriptor
960 2609 1014 2674 ille
1034 2609 1193 2676 resideret
1210 2610 1244 2674 in
1266 2607 1348 2674 serie
1363 2607 1474 2674 scanni

376 2723 428 2779 set
443 2715 540 2779 datus
558 2720 609 2777 est
624 2712 655 2776 ei
672 2710 763 2779 locus
779 2712 812 2777 in
829 2713 987 2777 eminenti
1001 2722 1039 2778 vt
1058 2712 1237 2797 prospiciat
1252 2721 1287 2778 et
1306 2711 1475 2777 immineat

376 2818 529 2901 scriptori
555 2815 747 2883 thesaurarii
773 2815 830 2899 qui
852 2817 978 2901 primus
1007 2816 1133 2896 scribit,
1159 2826 1194 2883 et
1216 2816 1259 2882 ab
1286 2816 1359 2900 ipso
1383 2817 1476 2899 quod

376 2930 511 3006 oportet
526 2919 682 3004 excipiat.

334 3045 364 3098 ²5
420 3024 618 3107 Discr'pulus.
664 3023 754 3090 Huic
765 3023 853 3088 oculi
864 3023 960 3091 lincei
971 3023 1146 3091 necessarii
1156 3033 1266 3091 essent
1277 3044 1320 3090 ne
1332 3032 1476 3099 erraret;

378 3128 582 3214 periculosus
597 3127 686 3192 enim
700 3127 734 3192 in
748 3127 811 3193 hiis
826 3149 915 3194 error
929 3128 1056 3195 dicitur.

420 3233 596 3316 Magr'ster.
639 3231 736 3298 Licet
772 3241 858 3297 erret
896 3232 1063 3297 interdum
1100 3232 1134 3296 in
1171 3230 1368 3314 excipiendo
1400 3229 1477 3312 quia

377 3345 525 3402 remotus
548 3345 735 3401 esttamen
757 3336 838 3401 dum
861 3335 960 3401 rotuli
983 3336 1200 3419 corriguntur,
1222 3334 1310 3400 facta
1329 3336 1476 3400 omniurn

377 3441 480 3506 trium
494 3439 679 3520 collatione,
695 3440 791 3506 facile
805 3441 865 3506 erit
880 3449 988 3505 errata
1003 3440 1172 3524 corrigere.

334 3564 367 3614 30
421 3543 621 3626 Discr'pulus.
668 3542 758 3610 Satis
778 3545 940 3610 hactenus
955 3545 1080 3610 dictum
1102 3553 1153 3610 est
1167 3543 1211 3609 de
1230 3542 1348 3608 ordine
1362 3542 1478 3608 seden-

380 3647 473 3726 tium,
487 3666 575 3711 nunc
595 3649 637 3712 de
654 3668 771 3713 eorum
791 3647 905 3714 officiis
922 3648 950 3714 si
971 3647 1080 3733 placet
1100 3666 1265 3732 exequere
1285 3646 1479 3730 incipiensa

379 3746 456 3811 leua
470 3745 676 3830 presidentis.

423 3850 601 3932 Magister.
647 3847 871 3915 Canceliarius
886 3850 920 3914 in
934 3851 1049 3918 ordine
1064 3851 1121 3916 illo
1135 3851 1263 3934 primus
1277 3859 1328 3916 est
1344 3859 1379 3914 et
1392 3849 1478 3914 sicut

381 3951 415 4017 in
438 3953 528 4017 curia
546 3953 592 4019 sic
611 3953 655 4019 ad
675 3953 874 4019 scaccarium
894 3975 1034 4039 magnus
1053 3965 1105 4020 est
1125 3957 1211 4022 adeo
1229 3963 1266 4019 vt
1288 3953 1357 4019 sine
1376 3952 1479 4036 ipsius

336 4079 368 4130 ³⁵
382 4077 545 4123 consensu
574 4056 627 4121 vel
657 4056 792 4123 consilio
822 4057 868 4121 nil
893 4077 1052 4141 magnum
1075 4057 1134 4123 fiat
1158 4056 1213 4123 vei
1238 4056 1308 4123 heri
1336 4057 1459 4122 debeat
1471 4075 1480 4138 ;

418 4176 610 4246 3appositum
621 4176 680 4233 CN
762 4175 975 4233 iustitiariisCR
1050 4157 1302 4248 'acognomineN
1389 4190 1513 4246 11,12-

381 4247 437 4304 scri
457 4246 581 4303 toribus?
598 4247 761 4331 'Magistra
793 4249 897 4304 Sedem
915 4247 1029 4331 quidem
1042 4248 1131 4330 habet
1147 4265 1205 4303 non
1220 4264 1285 4303 cum
1302 4246 1365 4302 aliis
1383 4263 1436 4302 om.
1452 4248 1480 4301 R

382 4321 418 4374 28
435 4265 512 4445 ζέω
522 4319 606 4462 τοτ3ιι1ι
618 4331 793 4462 οὲῐηξυέωι
807 4320 844 4376 C:
863 4329 1038 4390 corriguntur
1050 4319 1131 4375 cotuh
1144 4317 1221 4375 facta
1231 4319 1260 4373 R
1338 4333 1370 4388 31
1392 4316 1479 4389 nunc]

382 4406 436 4446 nec
577 4405 630 4458 aa
675 4406 692 4447 e
