3360 5172
124 485 133 503 ,
216 409 356 505 nnis]
588 417 656 484 na
679 415 954 486 scnccnmo
1254 433 1316 502 ιη

215 587 287 652 eius
302 597 439 673 propter
450 587 627 672 prestitum
641 588 843 654 reclamandi
857 586 951 653 locus
966 587 1170 674 relinquitur.
1215 590 1315 658 Simi-

214 688 299 768 liter,
314 690 342 756 si
357 691 484 757 dictum
500 690 608 773 luerit,
627 699 636 728 ‘
651 692 703 758 llli
719 713 752 756 rc
767 692 925 774 quamdiu
941 693 1010 776 regi
1025 691 1206 777 placuerit!

257 792 456 877 Dbmbaedm.
500 793 592 880 Quid
607 805 659 862 est
673 795 763 880 quod
775 795 891 862 dixisti
906 795 1132 862 ‘liberationes
1146 797 1314 883 utriusque
1326 802 1362 862 vi

214 896 391 984 generis’?

257 1001 436 1085 Magister.
479 1002 730 1069 Liberationum
748 1003 893 1087 quedam
907 1012 985 1069 sunt
1004 1003 1221 1089 indigentium
1237 1025 1341 1083 cumr

213 1125 259 1170 ex
273 1106 347 1171 solo
362 1106 507 1172 caritatis
527 1107 647 1173 intuitu
666 1107 710 1172 ad
724 1107 847 1173 victum
866 1118 900 1173 et
914 1107 1070 1174 vestitum
1088 1108 1185 1174 alicui
1200 1130 1222 1175 a
1236 1128 1314 1192 rege

212 1209 366 1274 denarius
375 1210 519 1290 diurnus,
529 1210 582 1276 vel
592 1212 671 1285 duo,
681 1210 733 1276 vel
743 1211 853 1295 plures
861 1212 1113 1278 constituuntur.
1159 1211 1341 1297 Quedam·

211 1333 293 1378 vero
307 1323 385 1378 sunt
399 1313 611 1380 seruientium
623 1324 660 1380 vt
671 1313 733 1380 hec
744 1334 805 1399 pro
816 1315 987 1398 stipendiis
997 1315 1188 1401 suscipiant,
1199 1315 1313 1400 quales

211 1425 290 1481 sunt
304 1417 407 1484 editui
419 1418 510 1502 regii,
522 1418 682 1499 tibicines,
691 1417 845 1505 luporum
857 1418 1146 1502 comprehensores
1158 1428 1191 1484 et
1202 1418 1313 1485 huius·

213 1521 315 1587 modi.
360 1521 437 1588 Hee
459 1531 538 1588 sunt
558 1522 659 1608 igitur
685 1523 806 1589 diuersi
828 1523 956 1607 generis
985 1522 1206 1604 liberationes,
1233 1524 1312 1609 quia
1327 1544 1359 1582 ιο

212 1624 349 1691 diuersis
375 1645 420 1690 ex
441 1627 549 1692 causis
574 1627 757 1707 soluuntur,
778 1627 864 1693 inter
885 1627 1065 1692 constituta
1086 1637 1199 1693 tamen
1221 1647 1311 1693 com·

211 1737 378 1813 putantur.
423 1725 487 1820 [Et
501 1740 583 1796 nota
597 1731 697 1815 quod,
710 1729 789 1796 licet
804 1730 944 1795 liberum
959 1731 1003 1794 sit
1022 1730 1090 1813 regi
1107 1730 1312 1814 quibuslibet

211 1832 437 1918 indigentibus
461 1833 522 1899 has
548 1832 759 1900 liberationes
789 1834 947 1914 conferre,
968 1854 1013 1899 ex
1038 1834 1175 1918 antiqua
1197 1845 1311 1900 tamen

211 1937 421 2004 institutione
440 1938 550 2005 solent
570 1937 634 2004 hiis
655 1937 813 2022 assignari
829 1937 888 2023 qui
910 1939 944 2002 in
965 1937 1056 2004 curia
1077 1937 1311 2019 ministrantes,

210 2062 288 2107 cum
310 2042 460 2108 redditus
482 2062 550 2108 non
570 2041 724 2122 habeant,
747 2041 781 2106 in
803 2057 977 2125 corporum
998 2061 1132 2106 suorum
1154 2042 1354 2114 {nanim-1⁵

209 2145 322 2211 dinem
338 2147 497 2212 decidunt
515 2157 549 2213 et
567 2145 735 2212 laboribus
754 2144 887 2210 inutiles
907 2139 1016 2234 fiunt]
1062 2145 1139 2210 Hiis
1154 2145 1310 2212 omnibus

210 2268 269 2332 per
284 2250 433 2316 ordinem
449 2251 627 2327 annotatis,
641 2249 751 2334 querit
769 2247 990 2316 thesaurarius
1008 2269 1029 2312 a
1043 2249 1246 2328 vicecomite,
1261 2252 1308 2316 ‘si

209 2353 290 2436 quid
305 2354 500 2436 expenderit
517 2354 561 2418 de
579 2351 673 2418 firma
690 2352 868 2419 comitatus
885 2373 944 2437 per
964 2353 1077 2420 breuia
1095 2353 1182 2436 regis
1199 2365 1309 2439 preter

209 2455 410 2523 constituta’
453 2457 549 2524 Tunc
574 2456 723 2523 seriatim
750 2457 849 2522 missa
872 2457 935 2522 sibi
959 2457 1045 2541 regis
1069 2458 1182 2523 breuia
1205 2460 1308 2526 tradit

209 2560 328 2626 clerico
356 2559 550 2640 cancellarii,
578 2561 635 2645 qui
664 2559 751 2627 lecta
780 2561 814 2625 in
844 2561 1016 2646 publicum
1044 2561 1162 2626 eadem
1189 2560 1307 2629 liberat
1322 2577 1355 2616 ²0

208 2663 412 2730 thesaurario
440 2674 478 2731 vt
507 2664 586 2748 ipse,
611 2666 793 2730 secundum
819 2663 961 2730 sormam
987 2665 1022 2729 in
1047 2665 1202 2731 breuibus
1228 2685 1306 2732 con·

209 2777 351 2853 ceptam,
366 2768 399 2833 in
416 2768 611 2851 scripturam
634 2767 733 2834 rotuli
750 2768 800 2833 sui
814 2779 1004 2852 opportuna
1018 2769 1119 2834 verba
1134 2769 1309 2836 ministret.

210 2871 288 2955 lpse
299 2890 450 2957 namque,
460 2873 546 2937 sicut
557 2873 682 2938 dictum
695 2881 756 2948 est,
767 2872 939 2956 prescribit
950 2881 985 2936 et
996 2871 1051 2936 alii
1063 2873 1306 2938 conscribentes

208 2975 252 3040 ab
267 2976 386 3041 eodem
396 2976 577 3059 excipiunt.
623 2975 699 3040 Hoc
712 2974 812 3052 sacto,
826 2975 971 3041 ostendit
986 2975 1169 3040 vicecomes
1183 2978 1210 3040 si
1225 2977 1305 3060 quid

208 3080 405 3162 expenderit
430 3100 496 3145 non
522 3100 582 3165 per
603 3079 717 3144 breuia
738 3079 798 3144 sed
827 3098 887 3162 per
911 3079 1128 3144 constitutam
1151 3081 1305 3146 scaccarii
1320 3091 1351 3149 ³5

206 3180 316 3268 legem
339 3181 401 3248 sibi
431 3184 667 3268 computanda,
696 3181 808 3266 qualia
836 3189 914 3246 sunt
944 3181 1158 3246 liberationes
1183 3184 1306 3266 proba-

206 3295 317 3351 torum
332 3287 418 3371 regis
438 3297 472 3354 et
488 3288 570 3352 item
589 3307 629 3352 ea
648 3305 715 3371 que
731 3285 909 3352 mittuntur
926 3285 960 3352 iu
978 3285 1109 3351 iustitiis
1124 3296 1159 3352 et
1176 3286 1304 3352 iudiciis

206 3390 389 3475 explendis.
1315 3448 1359 3508 vn

248 3493 401 3561 Aduerte
415 3503 526 3559 autem
546 3493 686 3560 iustitias
699 3493 753 3559 hic
766 3491 923 3559 usualiter
938 3493 1118 3578 nuncupari
1133 3492 1254 3577 prolati
1268 3493 1302 3558 in
1317 3528 1342 3578 A

204 3597 334 3682 aliquos
349 3599 427 3664 iuris
446 3599 669 3677 executiones,
689 3597 810 3663 iudicia
829 3617 909 3665 vero
928 3596 1019 3682 leges
1037 3597 1209 3663 candentis
1228 3596 1303 3663 ferri
1318 3608 1352 3658 ³0

205 3698 258 3764 vel
290 3718 385 3783 aque.
430 3698 660 3764 Liberationes
691 3697 791 3782 igitur
826 3696 1042 3783 probatorum
1078 3696 1142 3764 hac
1178 3698 1305 3764 ratione

204 3801 309 3866 frunt:
342 3811 477 3887 propter
504 3802 694 3867 innumeras
730 3801 823 3886 regni
859 3802 956 3866 huius
988 3801 1122 3866 diuitias
1158 3811 1192 3868 et
1223 3804 1303 3868 item

203 3914 341 3988 propter
361 3905 509 3971 innatam
532 3905 694 3989 indigenis
716 3905 895 3989 crapulam,
916 3925 1018 3991 quam
1039 3925 1171 3990 semper
1194 3927 1306 3972 comes

204 4007 307 4073 libido
338 4008 494 4091 sequitur,
523 4008 689 4093 contingit
717 4009 752 4074 in
781 4009 854 4093 ipso
883 4008 1085 4094 frequentius
1118 4011 1206 4075 furta
1235 4009 1306 4078 fieri

204 4111 379 4178 manifesta
402 4111 456 4176 vel
481 4113 622 4192 occulta,
637 4132 767 4177 necnon
785 4122 820 4179 et
841 4110 1019 4180 homicidia
1036 4133 1076 4179 ac
1097 4113 1300 4179 diuersorum
1318 4127 1349 4180 ³⁵

203 4230 362 4298 generum
379 4209 513 4292 scelera,
527 4213 728 4279 addentibus
748 4211 901 4279 stimulos
922 4211 1047 4278 mechis
1064 4222 1103 4279 vt
1119 4213 1219 4278 nichil
1233 4233 1301 4278 non

240 4379 257 4434 3
275 4364 351 4434 quod
370 4381 422 4421 ona
441 4367 469 4422 R
550 4369 649 4436 oport
664 4375 731 4422 sunt
748 4364 813 4425 adel.
828 4365 883 4422 boc
899 4374 942 4423 est
960 4365 1092 4424 custodes
1108 4365 1256 4423 domorum
1270 4367 1308 4422 Ν

204 4449 238 4506 23
256 4433 453 4508 predictumc
537 4451 574 4508 30
590 4435 670 4510 iuria]
682 4436 758 4494 viros
769 4437 798 4493 R
