3360 5172
421 375 484 460 ηε
630 465 634 474 .
785 374 858 441 on
882 369 1158 444 scaccanro
1399 363 1530 465 [uxr

419 547 628 630 delinquunt.
688 547 840 614 Publicos
870 546 971 631 igitur
995 555 1034 612 et
1061 547 1201 612 usitatas
1232 565 1346 612 veum
1377 547 1527 614 dicimus

419 651 564 734 quando,
586 670 679 716 more
699 651 887 728 iudeorum,
902 651 936 714 in
959 650 1077 716 eadem
1098 649 1209 734 specie
1230 669 1275 715 ex
1298 651 1526 717 conuentione

419 759 494 839 quia
528 756 671 840 amplius
703 765 916 839 percepturus
945 764 1004 833 est,
1033 773 1135 838 quam
1164 753 1401 829 commodauit.
1432 757 1526 822 sicut

419 855 537 923 libram
567 877 627 942 pro
657 879 768 924 marca
796 858 849 923 vel
879 879 941 942 pro
970 855 1055 922 libra
1079 857 1209 941 argenti
1238 857 1272 922 ii.
1300 857 1454 923 denarios
1483 859 1523 924 in

389 965 640 1050 saeptimanam
661 963 704 1028 de
722 962 814 1029 lucro
835 972 944 1045 preter
961 971 1097 1028 sortem.
1141 960 1219 1026 Non
1240 961 1390 1044 publicas
1404 974 1522 1029 autem

418 1076 471 1133 set
500 1075 613 1132 tamen
642 1065 870 1148 dampnabiles
903 1085 979 1131 cum
1008 1065 1083 1148 quis
1115 1063 1255 1129 fundum
1285 1065 1430 1149 aliquem
1464 1067 1523 1146 vei

419 1173 591 1238 ecclesiam
611 1192 673 1256 pro
694 1169 908 1236 commodato
927 1169 1062 1254 suscipit
1082 1179 1125 1246 et„
1140 1179 1296 1235 manente
1315 1171 1414 1235 sortis
1431 1169 1520 1238 inte-

418 1277 550 1360 gritate,
577 1273 703 1340 fructus
730 1273 811 1350 eius,
840 1273 947 1338 donec
977 1293 1047 1338 sors
1078 1273 1150 1357 ipsa
1178 1271 1287 1338 soluta
1317 1270 1424 1352 suerit,
1452 1274 1520 1340 sibi

418 1379 567 1463 percipit.
611 1377 689 1443 Hoc
713 1397 831 1462 genus,
855 1387 992 1461 propter
1016 1375 1165 1442 laborem
1195 1385 1229 1441 et
1254 1385 1430 1461 sumptum
1457 1379 1519 1461 qui

370 1506 406 1544 uo
420 1485 452 1548 in
470 1481 677 1566 agriculturis
692 1480 800 1548 solent
817 1481 973 1565 impendi,
988 1479 1138 1546 licentius
1152 1479 1260 1544 visum
1279 1489 1351 1558 est;
1372 1490 1424 1547 set
1438 1503 1519 1568 pro·

417 1585 573 1651 culdubio
583 1586 754 1651 sordidum
766 1595 817 1651 est
831 1596 867 1652 et
881 1585 965 1651 inter
979 1605 1093 1650 vauras
1108 1583 1226 1650 merito
1242 1587 1517 1669 computandum.

419 1688 521 1774 Quod
548 1691 575 1755 si
599 1690 744 1755 creditor
762 1709 884 1756 auarus
906 1699 940 1754 et
963 1689 996 1752 in
1019 1689 1147 1752 ruinam
1173 1687 1283 1752 anime
1306 1708 1366 1752 sue
1391 1709 1517 1774 pronus

417 1794 452 1858 in
472 1795 595 1878 scripto
617 1794 664 1859 sic
685 1795 835 1880 exprimi¹
846 1793 984 1877 dignum
1007 1791 1142 1858 duxerit
1158 1801 1196 1856 vt
1213 1791 1343 1858 dicatur
1364 1793 1517 1860 ‘Notum

416 1899 461 1964 sit
482 1899 638 1964 omnibus
659 1899 750 1982 quod
774 1917 837 1982 ego
858 1896 904 1963 N.
930 1897 1039 1963 debeo
1060 1894 1106 1960 N.
1127 1914 1156 1959 c.
1180 1915 1307 1961 marcas
1328 1899 1457 1979 argenti
1480 1907 1516 1963 et

371 2031 402 2090 με
416 2023 478 2088 pro
499 2002 562 2068 biis
584 2022 611 2068 c
634 2003 754 2067 marcis
776 2001 942 2067 inuadiaui
965 2001 996 2066 ei
1022 2009 1145 2066 terram
1168 1998 1260 2064 iilam
1281 2019 1342 2084 pro
1363 2021 1399 2064 x.
1423 1999 1515 2068 libris

415 2125 588 2189 quousque
605 2127 678 2190 ego,
693 2104 745 2170 vel
765 2104 859 2170 heres
879 2123 982 2179 meus,
999 2102 1126 2168 soluarn
1147 2102 1219 2186 ipsi,
1233 2101 1288 2168 vel
1305 2103 1420 2168 heredi
1440 2125 1515 2185 suo,

384 2209 581 2293 Jpredictas
598 2229 626 2274 c.
643 2204 809 2286 marcas';
828 2227 904 2274 curn
920 2215 996 2291 post
1011 2217 1154 2272 mortem
1171 2206 1345 2272 creditoris
1365 2208 1408 2272 ad
1425 2210 1515 2291 regia

412 2310 467 2377 vel
482 2311 671 2397 principalis
689 2311 852 2377 iustitiarii
871 2311 1024 2377 notitiam
1042 2309 1141 2375 buius
1160 2309 1289 2375 famose
1308 2321 1398 2377 carte
1414 2320 1514 2377 tenor

414 2416 606 2500 peruenerit,
622 2415 655 2478 in
672 2415 787 2499 primis
802 2414 896 2480 ledus
912 2414 1032 2479 fenoris
1050 2422 1187 2497 questus
1205 2415 1512 2498 condempnabitur,

363 2525 448 2594 eost
476 2517 625 2598 creditor,
646 2519 772 2601 scripto
801 2539 863 2584 suo
892 2517 1115 2600 deprehensus
1137 2517 1310 2594 fenerator,
1332 2517 1512 2590 mobilibus

413 2624 482 2687 suls
504 2623 659 2707 indignus
682 2621 889 2690 iudicabitur.
933 2621 1035 2706 Quod
1059 2623 1087 2686 si
1110 2621 1138 2685 is
1160 2623 1252 2686 cuius
1275 2621 1397 2688 fundus
1417 2634 1469 2689 est
1492 2644 1512 2689 a

412 2747 491 2812 rege
515 2724 770 2809 quomodolibet
792 2727 974 2810 optinuerit
996 2734 1034 2790 vt
1055 2725 1103 2790 sic
1129 2725 1307 2790 distractus
1329 2724 1393 2790 sibi
1417 2727 1511 2792 resti-

413 2839 534 2908 tuatur,
548 2833 582 2895 in
601 2840 691 2895 sorte
704 2839 777 2897 tota
792 2829 929 2895 domino
944 2829 1014 2912 regi
1028 2827 1196 2893 tenebitur
1210 2829 1310 2894 etiam
1326 2831 1354 2894 si
1368 2830 1513 2896 creditor

413 2955 474 3018 per
492 2935 661 3001 biennium
683 2935 736 2999 vel
755 2934 900 3018 amplius
919 2932 1112 3016 possederit.
1158 2933 1261 3016 Regis
1276 2941 1389 2998 tamen
1406 2935 1513 3000 muni·

363 3059 399 3111 ³⁵
414 3037 546 3104 ficentia
567 3039 611 3104 de
633 3057 763 3104 summa
789 3038 886 3103 sortis
912 3035 999 3101 illius
1019 3045 1139 3101 taxare
1160 3037 1339 3113 consueuit,
1363 3038 1513 3104 maxime

412 3154 550 3227 propter
567 3143 740 3227 singularis
754 3141 861 3227 gratie
876 3159 1002 3218 munus,
1013 3139 1048 3203 in
1063 3158 1131 3224 quo
1145 3139 1299 3205 fidelibus
1314 3141 1381 3206 suis
1396 3142 1512 3208 debito

412 3247 602 3330 prelationis
616 3256 768 3324 tenetur;
790 3256 824 3311 et
845 3245 924 3310 item
944 3243 1024 3326 quia
1044 3244 1223 3320 creditoris,
1239 3255 1291 3310 set
1306 3245 1511 3322 feneratoris,

412 3352 470 3434 qui
484 3350 535 3416 sui
555 3350 662 3417 fidelis
676 3349 801 3415 enormi
822 3350 947 3414 iactura
963 3347 1088 3412 ditatus
1104 3347 1220 3425 iuerat,
1235 3349 1362 3413 ratione
1381 3349 1512 3433 publice

411 3457 589 3539 potestatis
610 3455 700 3520 bona
722 3452 834 3520 omnia
856 3461 1072 3535 percepturus
1094 3459 1153 3516 est.
1198 3449 1285 3518 Sunt
1305 3461 1338 3517 et
1353 3452 1512 3536 pleraque

368 3591 400 3642 ³0
412 3558 485 3636 alia,
511 3576 577 3639 que
598 3555 804 3642 singulariter
826 3555 869 3618 ad
895 3553 1012 3620 fiscum
1040 3553 1215 3639 pertinent,
1238 3575 1305 3638 que
1326 3577 1393 3621 non
1415 3555 1511 3621 iacile

412 3661 475 3725 sub
490 3679 555 3724 vna
574 3658 734 3743 scripture
754 3659 838 3724 serie
857 3657 961 3742 redigi
981 3670 1130 3741 possunt,
1145 3659 1224 3742 quia
1243 3680 1310 3724 non
1329 3661 1510 3726 constituta

413 3772 464 3827 set
479 3761 622 3827 casualia
636 3771 724 3827 sunt.
761 3762 815 3827 De
835 3761 898 3826 hiis
920 3771 1032 3826 tamen
1055 3763 1282 3828 excidentibus
1301 3763 1400 3829 huius
1421 3765 1510 3829 tertii

411 3865 541 3950 generis
555 3884 622 3929 non
641 3885 741 3948 supra
754 3875 833 3950 post
852 3864 973 3941 firmas,
988 3875 1039 3930 set
1057 3866 1140 3931 inira
1155 3876 1230 3951 post
1250 3869 1363 3933 omnia
1377 3867 1510 3953 placita,

412 3969 560 4052 compoti
586 3967 670 4035 fiunt
698 3980 777 4036 ante
805 3969 926 4036 catalla
951 3969 1176 4054 fugitiuorum,
1203 3979 1241 4038 vt
1276 3971 1348 4055 ipsa
1376 3992 1511 4057 quoque

449 4173 568 4244 rigitur
578 4171 697 4229 dicimus
709 4173 846 4230 vsurasC
932 4170 1182 4244 5Non]nuncN
1265 4173 1511 4244 8iuerit1fruntR

413 4261 448 4304 ιο
459 4243 612 4329 expendi(¹
658 4257 688 4300 11
701 4243 860 4301 meritoom.
868 4245 896 4299 R
913 4243 1152 4328 ‘computandum
1160 4245 1303 4302 meritoN
1348 4261 1380 4302 12
1392 4246 1515 4347 miselli

409 4315 1217 4459 {telligittt‘laqsslnlqtlllctmpi‘l
1318 4317 1353 4374 ²⁸
1371 4315 1533 4380 Μ
