3360 5172
172 401 312 496 rvrun]
496 411 498 416 ·
539 404 607 472 na
630 402 904 475 scnccnaro
1228 369 1287 491 97'

174 577 313 643 Henrici
335 575 431 661 primi
460 575 681 644 thesaurarius
706 585 742 643 et
763 595 866 663 nepos
897 574 1152 644 saresberiensis
1177 577 1270 642 cuius

173 702 273 768 supra
296 681 517 761 meminimus,
532 680 824 766 incomparabilem
846 680 915 746 suis
934 679 1142 764 temporibus
1155 679 1272 746 habuit

172 786 327 853 scaccarii
342 785 525 852 scientiam.
567 784 739 850 Maximus
750 785 851 850 etiam
865 785 1012 850 existens
1021 784 1055 850 in
1068 783 1132 849 hiis
1146 803 1211 869 que
1226 783 1271 848 ad

173 892 226 956 sui
255 899 361 956 status
391 889 588 975 dignitatem
618 889 838 973 pertinebant,
863 888 1026 955 celebrem
1052 888 1103 955 sui
1129 888 1273 954 nominis

173 994 300 1060 lamam
318 992 405 1070 iecit,
419 995 504 1059 adeo
522 1001 559 1057 vt
580 1014 667 1078 pene
687 993 778 1059 solus
795 991 829 1056 in
845 1012 949 1077 regno
971 992 1017 1057 sic
1034 991 1155 1058 vixerit
1175 1001 1209 1058 et
1226 965 1311 1068 sici,

174 1099 351 1164 decesserit
379 1106 417 1162 vt
444 1096 584 1181 gloriam
612 1098 682 1162 eius
717 1097 829 1162 inuida
862 1095 976 1181 lingua
1005 1095 1176 1180 denigrare
1206 1116 1272 1162 non

174 1202 306 1269 audeat.
351 1200 418 1267 Hic
440 1201 551 1278 etiam,
566 1199 609 1267 ab
631 1199 750 1266 illustri
772 1219 851 1282 rege
873 1198 1021 1264 Henrico
1042 1198 1187 1267 secundo
1210 1197 1272 1265 ire·

174 1314 313 1390 quenter
331 1314 478 1390 rogatus,
493 1303 647 1370 scaccarii
666 1303 838 1369 scientiam
858 1302 1050 1370 continuata
1069 1323 1129 1388 per
1149 1303 1273 1370 multos

174 1430 281 1475 annos
295 1409 414 1475 bellica
429 1417 629 1493 tempestate
643 1427 728 1492 pene
742 1423 876 1492 prorsus
896 1407 1056 1473 abolitam
1072 1405 1274 1487 reformauit,

175 1522 209 1578 et
239 1513 342 1578 totius
372 1511 602 1597 descriptionis
630 1512 700 1577 eius
732 1511 872 1576 lormam
903 1510 994 1576 velut
1023 1511 1107 1576 alter
1140 1512 1274 1588 Esdras,
1288 1528 1320 1568 10

173 1616 373 1682 bibliothece
388 1615 524 1682 sedulus
543 1626 720 1702 reparator,
735 1615 917 1682 renouauit
962 1613 1112 1681 Credidit
1130 1635 1210 1681 sane
1224 1616 1275 1681 vir

173 1721 320 1805 prudens
344 1720 450 1786 satius
471 1740 544 1786 esse
566 1719 764 1786 constitutas
789 1719 832 1784 ab
854 1718 999 1803 antiquis
1020 1719 1111 1803 leges
1132 1720 1274 1802 posteris

173 1824 378 1889 innotescere
406 1843 508 1908 quam
533 1844 594 1889 sua
618 1821 843 1890 taciturnitate
871 1831 908 1888 vt
935 1841 1021 1888 noue
1045 1824 1274 1899 conderentur,

174 1925 313 1993 efficere.
358 1927 430 1992 Vix
451 1928 540 1994 enirn
564 1926 768 1992 modernitas
789 1926 824 1990 in
845 1935 966 2010 questu
984 1928 1123 2012 pecunie
1142 1927 1272 1993 mitiora

175 2031 339 2116 prioribus
361 2030 432 2096 iura
457 2031 607 2098 dictauit.
650 2030 712 2096 Ab
736 2029 801 2096 hoc
830 2030 929 2114 igitur
950 2049 1050 2114 super
1074 2031 1139 2097 hoc
1159 2032 1320 2098 huius-1⁵

175 2135 268 2201 modi
284 2155 478 2221 responsum
489 2134 613 2220 accepi.
658 2135 802 2213 ‘Fraten
812 2135 869 2220 qui
880 2153 976 2200 aures
986 2135 1142 2202 audiendi
1154 2136 1274 2202 auidas

174 2239 278 2306 babet
289 2238 386 2305 facile
396 2239 594 2306 detractoris
607 2236 755 2322 linguam
771 2239 924 2305 inueniet
967 2239 1081 2304 Etiam
1093 2240 1121 2304 is
1135 2239 1192 2323 qui
1205 2261 1273 2307 non

175 2342 286 2423 habet,
311 2362 379 2408 non
409 2339 507 2408 facile
531 2344 672 2408 eandem
697 2341 842 2428 effugiet
905 2342 1057 2410 Accessit
1086 2344 1199 2428 itaque
1227 2344 1271 2409 ad

176 2466 289 2530 regern
305 2445 485 2512 Henricum
497 2445 640 2529 primum
654 2446 705 2510 vir
719 2444 840 2531 aliquis
850 2446 976 2514 habens
990 2447 1087 2514 sibila
1101 2449 1276 2532 serpentis,

176 2551 290 2616 dicens
312 2550 352 2627 ei,
376 2553 392 2585 “
406 2549 553 2616 Barones
577 2551 678 2616 vestri
701 2551 758 2633 qui
778 2551 822 2616 ad
845 2552 1045 2617 scaccarium
1072 2553 1216 2619 resident
1238 2559 1276 2618 vt
1290 2574 1322 2612 ro

176 2654 257 2738 quid
288 2673 353 2736 que
383 2655 426 2718 de
455 2653 550 2719 terris
580 2673 695 2720 eorum
726 2665 920 2738 exsurgunt,
941 2675 1009 2721 non
1031 2654 1176 2735 soluunt,
1199 2676 1276 2722 cum

176 2758 312 2841 quidam
329 2757 526 2824 constitutas
544 2757 690 2823 habeant
707 2760 750 2824 ad
769 2758 966 2824 scaccarium
987 2757 1196 2825 liberationes
1214 2780 1276 2842 pro

175 2863 323 2928 sessione
337 2867 422 2926 sua?
453 2859 601 2944 Quidam
616 2863 717 2926 etiam
736 2881 796 2946 pro
811 2861 920 2927 officio
939 2881 1000 2928 suo
1014 2861 1133 2928 fundos
1148 2863 1275 2929 habent

176 2974 211 3031 et
225 2965 349 3031 fructus
360 2985 486 3030 eorum.
531 2965 623 3032 Hinc
638 2987 718 3048 ergo
733 2964 845 3049 grauis
860 2966 986 3032 iactura
996 2965 1077 3033 fisco
1089 2964 1273 3052 prouenit.’'

176 3069 263 3135 Cum
279 3070 379 3152 igitur
396 3068 452 3134 ille
469 3069 624 3155 principis
643 3069 906 3134 emolumenturn
926 3067 1074 3154 allegans
1088 3069 1275 3155 frequenter
1289 3087 1321 3142 as

175 3174 325 3255 instaret,
342 3183 489 3240 mentem
508 3173 578 3237 eius
599 3172 659 3237 vix
679 3174 815 3238 tandem
836 3172 974 3237 verbum
997 3173 1087 3238 istud
1109 3194 1150 3239 eo
1171 3194 1276 3258 vsque

101 3336 106 3348 ,
176 3277 326 3361 possedit
347 3283 383 3340 vt
401 3276 514 3342 omnia
533 3277 716 3342 constituta
734 3276 778 3340 ab
800 3276 954 3342 omnibus
976 3276 1061 3341 solui
1083 3278 1275 3362 preciperet,

177 3396 238 3442 nec
264 3375 389 3458 aliquid
416 3375 512 3441 alicui
536 3375 671 3451 dimitti,
695 3376 756 3439 nisi
779 3375 853 3458 quis
875 3395 975 3458 super
996 3374 1061 3441 hoc
1082 3396 1275 3461 expressum

177 3479 248 3544 eius
270 3479 468 3564 optinuisset
498 3479 716 3558 mandatum
751 3477 942 3563 laetumque
971 3488 1023 3545 est
1052 3481 1109 3546 ita.
1155 3479 1275 3546 Succe-
1290 3489 1317 3542 H

177 3583 278 3648 dente
309 3603 388 3648 vero
418 3593 579 3668 tempore,
601 3603 678 3649 curn
712 3585 940 3649 recordaretur
967 3583 1137 3670 princeps*¹
1150 3584 1276 3650 consilii
1290 3602 1323 3654 30

178 3687 408 3772 Architophel,
436 3687 579 3772 penituit
609 3707 687 3753 eum
720 3687 934 3771 acquieuisse.
979 3687 1137 3755 Decreuit
1161 3697 1276 3754 autem

177 3791 331 3856 omnibus
345 3790 412 3856 illic
435 3791 694 3857 ministrantibus
716 3792 830 3856 omnia
850 3791 999 3875 predicta
1020 3794 1214 3878 computari,
1232 3793 1277 3858 nil

177 3895 301 3959 ducens
318 3894 479 3960 iacturam
501 3895 621 3960 modici
640 3895 704 3959 eris
719 3903 870 3977 respectu
886 3896 998 3978 magni
1018 3897 1163 3962 honoris.
1208 3898 1277 3963 De·

178 3996 316 4063 stinauit
330 3997 442 4081 itaque
456 3999 559 4064 breue
573 4017 670 4063 suum
686 3998 729 4062 ad
743 3997 945 4064 scaccarium
960 4006 996 4063 vt
1013 4001 1197 4066 assidentes
1212 4002 1278 4070 illic

177 4100 222 4165 ab
236 4099 301 4165 hiis
314 4099 408 4167 liberi
424 4109 535 4167 essent
549 4101 618 4167 iure
633 4109 804 4186 perpetuo.
849 4101 907 4166 Ab
924 4101 989 4166 hoc
1006 4103 1106 4186 igitur
1122 4103 1216 4169 breui
1232 4125 1277 4170 ex
1292 4121 1322 4174 3⁵

177 4211 258 4270 tunc
272 4213 307 4268 et
318 4205 420 4270 modo
431 4205 551 4272 dicitur
565 4208 582 4239 “
594 4205 628 4269 in
644 4204 799 4289 perdonis
814 4223 874 4288 per
888 4205 991 4270 breue
1002 4203 1116 4291 regis.”
1155 4206 1278 4291 Sicque

215 4353 446 4428 3etmm1eiusC
508 4355 717 4424 rcerebremC
773 4354 959 4426 dgratiamR
1022 4367 1053 4426 17
1066 4357 1283 4415 detractoresN

180 4423 216 4495 is]
229 4425 322 4481 hisN
377 4441 413 4497 29
429 4427 593 4486 eiusmc
656 4441 692 4497 3ο
710 4425 789 4498 vero]
802 4427 935 4498 itaqueC
986 4441 1021 4498 3⁴
1039 4425 1145 4500 itaque]
1158 4428 1282 4499 igiturC

224 4549 334 4581 mrcnoc.
723 4528 748 4581 0
