3290 5134
172 393 233 460 mr
249 387 293 483 a]
541 391 609 460 na
632 387 903 461 scnccnmo
1229 391 1270 456 ss
1296 414 1302 428 ·

214 566 390 650 Magister.
436 564 560 632 Merito
581 575 616 632 te
636 565 864 650 scrupulosum
886 564 968 632 dixi.
1014 565 1076 631 Est
1091 573 1126 632 et
1142 563 1208 630 alia
1222 575 1274 632 set

172 670 353 736 occultior:
387 669 587 735 sicutenim
613 669 646 734 ln
671 669 835 741 scaccario
861 668 947 734 lusili
976 668 1112 752 quidam
1141 669 1274 736 ordines

172 782 250 840 sunt
269 781 489 859 pugnatorum
509 780 544 839 et
563 772 662 838 certis
682 772 811 858 legibus
831 771 884 838 vel
906 771 1066 838 limitibus
1087 773 1307 857 procedunta

171 877 224 943 vel
247 876 439 954 subsistunt,
454 876 693 963 presidentibus
712 873 784 942 aliis
798 884 833 942 et
852 875 926 941 aliIs
945 877 1204 960 precedentibus,
1226 877 1275 942 sic

171 981 206 1046 in
227 979 291 1048 hoc
311 980 447 1064 quidam
462 980 630 1065 president
645 979 780 1064 quidam
800 980 947 1047 assident
965 1001 1009 1046 ex
1024 979 1144 1060 officio,
1158 990 1192 1045 et
1206 999 1272 1045 non
1287 1000 1301 1055 s

173 1093 224 1150 est
244 1085 399 1167 cuiquam
416 1083 559 1149 liberum
580 1084 674 1168 leges
695 1083 893 1150 constitutas
914 1084 1076 1148 excedere
1098 1082 1189 1166 quod
1212 1083 1274 1148 erit

173 1207 218 1254 ex
239 1189 518 1272 consequentibus
536 1189 755 1256 manifestum.
803 1189 897 1272 ltem,
911 1190 996 1255 sicut
1010 1188 1043 1253 in
1058 1187 1145 1253 lusili
1161 1207 1275 1273 pugna

173 1293 392 1359 committitur
411 1293 498 1358 inter
515 1311 619 1377 reges,
635 1293 682 1358 sic
703 1293 737 1357 in
757 1290 822 1358 hoc
841 1292 928 1357 inter
945 1291 1031 1357 duos
1053 1289 1274 1375 principaliter

174 1395 347 1462 conflictus
360 1406 412 1463 est
426 1405 461 1463 et
476 1415 590 1481 pugna
604 1395 829 1474 committitur,
843 1395 1086 1461 thesaurarium
1100 1393 1226 1461 scilicet
1239 1401 1274 1460 et

173 1499 401 1566 vicecomitem
424 1499 482 1582 qui
508 1499 633 1566 assidet
658 1500 702 1564 ad
727 1508 933 1583 compotum,
955 1499 1177 1564 residentibus
1201 1497 1274 1563 aliis
1289 1529 1318 1568 ιο

174 1611 335 1686 tanquam
351 1601 513 1668 iudicibus
526 1613 564 1669 vt
578 1600 713 1670 videant
727 1610 761 1669 et
774 1603 931 1668 iudicent.

216 1705 414 1789 Discipulos.
460 1708 633 1791 Numquid
647 1725 668 1772 a
683 1706 888 1772 mesaurario
903 1715 1082 1791 compotus
1095 1705 1273 1789 suscipitur

173 1825 250 1876 curn
266 1809 331 1876 illic
344 1808 440 1876 multi
449 1810 515 1876 sint
525 1811 583 1894 qui
594 1811 723 1877 ratione
732 1810 909 1896 potestatis
920 1809 1062 1874 maiores
1071 1809 1273 1874 videantur?

216 1913 392 1996 Magister.
445 1912 548 1997 Quod
573 1914 793 1980 thesaurarius
818 1933 840 1979 a
861 1914 1057 1981 vicecomite
1079 1922 1273 1997 compotum

173 2018 331 2102 suscipiat
352 2017 430 2085 hinc
452 2025 504 2084 est
525 2017 737 2086 manifestum
758 2017 837 2104 quia
859 2017 948 2084 idem
968 2018 1013 2084 ab
1035 2037 1076 2084 eo
1100 2037 1177 2084 cum
1204 2018 1272 2102 regl
1289 2043 1317 2098 ¹5

173 2121 335 2206 placuerit
349 2123 534 2207 requiritur.
578 2122 651 2188 Nec
671 2124 759 2188 enim
779 2125 823 2189 ab
846 2123 920 2209 ipso
940 2121 1163 2207 requireretur
1182 2122 1273 2206 quod

174 2243 242 2290 non
263 2227 471 2311 suscepisset.
515 2223 603 2293 Sunt
623 2237 735 2292 tamen
757 2227 814 2311 qui
837 2227 951 2293 dicant
971 2225 1212 2292 thesaurarium
1239 2240 1274 2292 et

173 2330 372 2395 camerarios
389 2330 557 2396 obnoxios
578 2340 710 2397 tantum
730 2330 792 2396 hiis
811 2348 877 2415 que
898 2325 1083 2396 scribuntur
1100 2331 1134 2394 in
1157 2330 1275 2397 rotulis

174 2431 235 2497 ‘In
262 2432 437 2500 thasauro’
459 2442 497 2499 vt
517 2435 562 2501 de
583 2433 646 2500 hiis
667 2443 845 2520 compotus
869 2432 913 2500 ab
935 2434 981 2500 eis
1003 2433 1166 2518 exigatur.
1213 2433 1275 2500 Set

173 2537 282 2602 verius
297 2537 443 2602 creditur
456 2547 493 2603 vt
504 2537 547 2605 de
561 2545 635 2604 tota
648 2539 811 2625 scriptura
826 2537 924 2604 rotuli
940 2537 1272 2624 respondeant‚quod
1288 2557 1319 2595 ιο

174 2660 219 2705 ex
234 2641 512 2724 consequentibus
527 2651 679 2708 constare
692 2643 823 2727 poterit.
1217 2635 1219 2640 ’

216 2738 411 2823 osupum.
453 2742 628 2826 Numquid
649 2742 757 2809 solum
775 2740 858 2808 illud
878 2740 1076 2809 scaccarium
1092 2749 1144 2807 est
1157 2740 1191 2805 in
1205 2745 1309 2826 quoii

172 2842 250 2910 talis
265 2843 437 2911 conflictus
451 2851 529 2911 est?

216 2947 393 3032 Magister.
438 2949 528 3015 Non.
572 2948 635 3016 Est
656 2949 745 3015 euim
768 2947 902 3014 inferius
916 2949 1118 3015 scaccarium
1133 2947 1223 3033 quod
1239 2956 1274 3013 et

174 3053 182 3084 ‘
197 3050 365 3137 Recepta’
378 3051 501 3119 dicitur
513 3052 571 3119 vbi
586 3053 726 3138 pecunia
742 3060 873 3138 recepta
888 3062 1081 3117 numeratur
1095 3061 1130 3117 et
1144 3051 1274 3136 scriptis
1288 3080 1319 3134 ²⁵

174 3161 210 3221 et
223 3155 319 3221 taleis
334 3155 554 3222 committitur
567 3167 606 3223 vt
626 3158 669 3222 de
688 3156 814 3222 eisdem
836 3155 1051 3241 postmodum
1066 3155 1100 3220 in
1115 3154 1274 3240 superiori

174 3269 350 3345 compotus
368 3259 436 3326 fiat.
480 3259 559 3326 Vna
579 3269 693 3327 tamm
707 3259 878 3352 utriusque
900 3257 992 3341 origo
1006 3268 1067 3341 est,
1082 3259 1160 3341 quia
1182 3258 1274 3341 quic·

175 3365 255 3448 quid
270 3365 470 3430 soluendum
493 3381 566 3430 esse
587 3365 622 3430 in
640 3365 766 3430 maiore
788 3361 1043 3447 deprehenditur
1063 3363 1119 3428 bic
1135 3361 1277 3428 soluitur

174 3477 209 3534 et
224 3468 314 3551 quod
330 3467 384 3533 hic
398 3467 545 3534 solutum
559 3468 657 3536 luerit
671 3467 717 3533 ibi
731 3476 955 3553 computatur.
1285 3529 1321 3588 m

216 3569 414 3654 Disu'pulus.
453 3569 685 3656 Queestratio
694 3571 747 3637 uel
757 3571 922 3638 institutio
933 3569 1094 3638 inferioris
1102 3571 1273 3639 scaccarii?
1286 3609 1311 3660 A

216 3673 393 3757 Magister.
436 3676 484 3741 Vt
499 3675 599 3742 uideo
613 3675 736 3742 nullius
752 3675 872 3741 borum
887 3673 1107 3760 ignorantiam
1122 3675 1274 3742 stadum

174 3775 316 3846 Noueris
337 3789 449 3845 autem
475 3781 568 3864 quod
590 3779 724 3845 inferius
744 3778 827 3845 illud
847 3780 1047 3846 scaccarium
1072 3799 1149 3846 suas
1171 3779 1276 3846 habet

174 3901 333 3968 personas
356 3883 486 3950 ratione
506 3881 641 3967 quidem
664 3882 847 3952 officiorum
869 3903 948 3951 ase
970 3884 1152 3965 dutinctas,
1168 3892 1221 3949 set
1241 3885 1275 3948 in

82 4145 87 4154 '
174 4070 372 4204 ro²affiid¹deinml
468 4159 499 4232 ¹!
516 4077 894 4234 granffitillfffn
906 4079 961 4207 120⁶
964 4079 1096 4222 emp
1108 4078 1279 4206 32⁰²„ssss

176 4219 302 4290 cmarg.
388 4231 420 4289 ¹³
438 4219 602 4276 marorrsN
658 4222 690 4275 ιι
708 4218 775 4292 que]
788 4235 835 4292 qur
850 4221 900 4276 CR
980 4220 1104 4277 rotuloc
1185 4233 1274 4289 aa—ao

173 4287 370 4360 Discipulos..
380 4299 576 4361 .computatur
586 4290 652 4346 add.
663 4287 708 4346 N‘
760 4303 795 4347 aa
807 4289 875 4346 illud
887 4307 940 4346 om.
951 4290 989 4345 Ν
1036 4304 1071 4360 23
1084 4290 1274 4348 esttaliscon·

172 4357 311 4415 flictusN
385 4358 1092 4433 25moepanumeraur1numeranuatrauuuru
1159 4374 1194 4430 27
1212 4359 1274 4432 fiat]

172 4429 355 4486 reddaturN
427 4432 844 4504 estantevtriusquapom‘tlv
