3290 5134
377 351 421 418 rs
746 341 814 412 DE
838 341 1112 415 scaccnmo
1349 325 1380 432 [1
1394 341 1481 410 rnre

379 530 440 598 est,
454 519 626 604 proposita
646 537 778 584 summa
799 538 866 601 que
886 516 1033 602 exigitur
1055 525 1090 580 et
1111 515 1293 602 suppositis
1310 517 1353 584 ad
1376 516 1478 585 colla·

378 624 504 690 tionem
530 623 600 689 eius
625 623 690 688 hiis
710 642 777 706 que
797 621 908 687 soluta
937 631 1022 701 sunt,
1044 639 1104 704 per
1125 620 1385 687 subtractionem
1412 623 1479 689 dis·

378 729 558 807 eernere‚si
569 726 775 792 satisfactum
787 733 838 790 est
848 725 900 790 vei
912 725 939 788 si
952 723 1034 807 quid
1045 732 1158 789 restat.
1202 722 1254 790 At
1264 746 1341 791 cunr
1354 727 1479 811 ceperit

381 829 558 915 multiplex
586 829 755 914 inquisitio
780 827 851 893 fieri
881 828 924 894 de
956 827 1020 892 hiis
1050 828 1156 906 rebus,
1182 848 1248 911 que
1275 830 1366 895 varie
1398 828 1480 896 fisco

349 935 588 1022 5proueniunt,
610 942 645 998 et
666 932 805 999 diuersis
826 930 935 996 modis
967 931 1179 1014 requiruntur
1200 941 1235 998 et
1263 955 1285 998 a
1305 933 1480 1000 vicecomi-

380 1039 471 1104 tibus
496 1057 564 1104 non
586 1039 705 1102 eodem
729 1037 831 1101 modo
854 1035 1099 1120 perquinmtur‚
1118 1037 1304 1102 discernere
1328 1037 1356 1101 si
1386 1057 1480 1104 secus

381 1141 509 1225 egerint
528 1140 728 1224 quibusdam
751 1159 853 1224 graue
873 1148 925 1205 est
946 1148 980 1203 et
1002 1139 1048 1205 ob
1069 1138 1133 1205 hoc
1153 1140 1239 1206 circa
1259 1140 1323 1206 hoc
1344 1141 1481 1209 scientia

382 1245 536 1310 scaccarii
552 1243 658 1309 maior
680 1263 752 1308 esse
769 1243 897 1307 dicitur.
959 1241 1148 1308 Dubiorum
1171 1263 1250 1308 vero
1271 1243 1324 1309 vel
1347 1245 1480 1311 dubita·

382 1347 463 1412 lium
494 1347 702 1430 iudiciaque
727 1345 916 1430 frequenter
945 1356 1117 1430 emergunt
1138 1347 1201 1412 sub
1225 1367 1291 1412 vna
1319 1358 1481 1415 tractatus

341 1481 371 1519 ro
383 1451 467 1516 serie
479 1448 716 1534 comprehendi
728 1469 795 1514 non
805 1448 918 1515 valent
929 1449 1007 1533 quia
1018 1469 1079 1514 nec
1090 1451 1171 1515 dum
1184 1451 1293 1517 omnia
1304 1452 1482 1519 dubiorum

383 1575 506 1638 genera
525 1555 559 1618 in
581 1553 688 1620 lucem
710 1553 913 1637 prodienrnt.
958 1551 1113 1635 Quedam
1135 1563 1246 1620 tamen
1268 1575 1313 1620 ex
1335 1556 1483 1641 hiisque

384 1657 555 1743 proposita
579 1657 632 1722 vel
662 1655 882 1722 determinata
908 1657 1124 1740 cognouimus
1145 1658 1213 1723 suis
1241 1657 1323 1724 locis
1349 1659 1483 1727 inferius

383 1762 625 1829 armotabimus.

427 1864 626 1950 Discr'pulus.
670 1861 761 1948 Quid
788 1873 843 1929 est
879 1863 978 1930 huius
1010 1874 1081 1930 tam
1119 1865 1313 1932 excellentis
1349 1869 1485 1935 sessoris

349 1969 552 2063 vofficium?

350 2085 376 2136 Α
429 2073 606 2156 Magum.
650 2070 755 2136 Aliud
770 2071 880 2137 verius
895 2071 1031 2138 attribui
1050 2071 1113 2137 srbi
1129 2091 1195 2138 non
1212 2071 1300 2138 valet
1315 2073 1377 2138 nisi
1392 2075 1484 2157 quod

245 2233 249 2240 .
344 2163 541 2243 1⁵omnibus
560 2193 626 2258 que
648 2175 681 2238 in
703 2174 856 2240 inferiore
878 2174 930 2240 vel
953 2176 1120 2260 superiore
1140 2175 1304 2242 scaccario
1325 2174 1408 2240 fiunt
1429 2175 1483 2242 hic

386 2279 546 2364 prospicit
560 2288 594 2343 et
608 2278 652 2343 ad
667 2286 785 2342 nutum
800 2278 903 2361 ipsius
922 2276 1068 2360 quelibet
1082 2278 1190 2344 officia
1210 2277 1357 2344 subiecta
1371 2279 1483 2361 dispo·

385 2391 533 2461 nuotur;
570 2380 617 2447 sic
643 2389 756 2445 tamen
781 2389 818 2446 vt
844 2382 892 2446 ad
921 2379 1051 2446 domini
1077 2382 1163 2466 regis
1191 2381 1368 2447 vtilitatem
1399 2381 1484 2447 iuste

342 2511 374 2548 ao
387 2485 594 2570 proueniant.
653 2483 730 2549 Hoc
759 2494 873 2549 tamen
902 2485 990 2550 inter
1019 2495 1127 2552 cetera
1154 2485 1285 2552 videtur
1316 2485 1484 2552 excellens

386 2589 477 2672 quod
500 2595 616 2672 potest
641 2587 696 2653 hic
721 2588 784 2653 sub
810 2588 1000 2654 testimonio
1029 2609 1090 2653 suo
1120 2589 1220 2654 breue
1245 2589 1372 2653 domini
1398 2588 1485 2674 regis

387 2692 495 2757 facere
517 2689 587 2755 fieri
610 2699 646 2756 vt
671 2692 715 2756 de
737 2691 892 2757 thesauro
922 2691 1070 2776 quelibet
1092 2713 1224 2759 summa
1244 2692 1409 2772 liberetur,
1431 2692 1485 2758 vel

386 2807 423 2862 vt
444 2803 655 2879 computetur
679 2793 776 2861 alicui
805 2797 894 2879 quod
916 2795 979 2860 sibi
1006 2817 1051 2861 ex
1071 2796 1197 2862 domini
1218 2797 1304 2881 regis
1326 2796 1486 2862 mandato

388 2899 579 2983 preuouerit
588 2899 867 2983 computandum,
882 2899 935 2963 vel
950 2899 978 2964 si
994 2899 1147 2967 maluerit
1161 2901 1262 2966 breue
1277 2921 1373 2965 suurn
1388 2900 1486 2965 saciet

344 3026 373 3077 ιε
388 3002 451 3070 sub
465 3003 607 3068 aliorum
622 3002 816 3068 testimonio
831 3003 874 3068 de
888 3001 953 3068 hiis
968 3003 1076 3070 rebus.

431 3105 627 3190 Discrioulus.
682 3105 829 3190 Magnus
840 3116 892 3171 est
907 3106 961 3172 hic
976 3107 1071 3171 cuius
1091 3103 1170 3172 fidei
1184 3107 1288 3174 totius
1303 3107 1393 3192 regni
1408 3127 1487 3173 cura

388 3211 491 3276 immo
504 3217 539 3276 et
551 3231 607 3278 cor
622 3209 709 3295 regis
717 3209 947 3276 committitur.
990 3209 1161 3295 Scriptum
1176 3213 1299 3298 quippe
1315 3223 1388 3276 esta
1410 3210 1486 3276 ‘vbi

389 3325 441 3381 est
458 3312 631 3380 thesaurus
650 3323 728 3379 tuus
748 3314 794 3379 ibi
813 3323 916 3380 estet
933 3331 991 3380 cor
1008 3313 1124 3382 tuum:
1178 3313 1320 3382 Setiam
1335 3316 1363 3380 si
1378 3313 1487 3399 placet

389 3437 588 3504 prosequere
602 3418 645 3483 de
662 3417 790 3483 ceteris.
1465 3441 1467 3444 ·

344 3545 377 3596 30
434 3521 609 3604 Magister.
652 3521 712 3586 Vis
740 3542 923 3607 prosequar
951 3521 995 3587 de
1031 3520 1112 3608 ipsis
1148 3523 1328 3588 secundum
1365 3522 1487 3606 gradus

390 3624 592 3708 dignitatum
607 3643 650 3688 an
665 3625 848 3690 secundum
863 3625 1114 3710 dispositionem
1130 3627 1281 3691 sedium?

433 3726 630 3810 Drchioulus.
674 3726 865 3794 Secundum
888 3730 978 3812 quod
1001 3730 1141 3812 quisque
1167 3731 1295 3794 ratione
1317 3727 1416 3794 officii
1438 3727 1488 3793 sui

390 3829 504 3896 sedern
521 3832 665 3914 adeptus
685 3839 746 3896 est.
791 3831 904 3898 Facile
925 3831 1013 3896 enim
1035 3833 1107 3913 erit,
1124 3842 1162 3898 vt
1183 3834 1292 3913 credo,
1305 3853 1351 3898 ex
1373 3832 1489 3897 officiis

391 3934 596 4020 perpendere
609 3933 799 4017 dignitates.

347 4054 378 4106 35
435 4037 610 4121 Magister.
655 4037 705 4103 Vt
724 4037 854 4104 noueris
877 4058 946 4122 quo
965 4039 1080 4105 ordine
1099 4038 1329 4124 disponantur,
1341 4039 1426 4104 scias
1446 4039 1489 4105 ad

430 4258 478 4318 1-5
498 4245 535 4300 ad
548 4243 726 4328 collationum¹
734 4286 743 4303 .
757 4284 764 4301 .
777 4283 785 4300 .
796 4242 1030 4330 requirunturlln
1095 4246 1193 4316 3satis
1204 4245 1318 4330 oti'mR
1382 4257 1398 4314 7
1417 4243 1491 4300 circa

392 4318 493 4446 ffilv
505 4403 539 4444 22
547 4317 921 4460 guilibeltmriillundyzuippig]
931 4333 1059 4446 2ξὲυέ
1070 4318 1128 4446 Λιὸ
1141 4330 1232 4447 ew
1241 4315 1496 4457 ‘'Cmdgffoffigidrlli
1564 4441 1569 4448 ,
