3360 5172
204 339 335 432 rrius]
572 339 639 406 DE
662 337 936 409 SCACCARIO
1238 357 1302 426 123

203 519 321 584 adesse
346 535 414 581 non
436 513 569 601 poterit,
594 515 698 582 addat
721 513 754 579 in
781 513 901 580 litteris
924 513 1149 581 excusationis
1171 534 1237 599 que
1258 516 1303 580 ad

203 619 404 684 scaccarium
427 616 613 701 diriguntur
630 615 695 681 ‘Et
716 615 796 699 quia
817 615 928 679 venire
949 635 1016 680 non
1038 635 1182 698 possum,
1205 615 1304 681 mitto

202 722 298 788 vobis
312 721 375 788 bos
390 719 568 786 seruientes
579 739 672 784 meos
687 719 731 783 N.
743 727 777 784 et
791 719 833 784 N.
850 727 888 784 ut
901 717 976 783 loco
988 737 1064 784 meo
1079 719 1147 784 sint
1161 727 1196 784 et
1211 721 1303 802 quod

201 825 246 891 ad
264 845 320 890 me
334 825 477 908 pertinet
497 821 631 900 saciant,
646 832 754 888 ratum
772 821 945 888 habiturus
959 824 1050 907 quod
1070 823 1133 906 ipsi
1148 820 1302 890 iecerint?

203 929 380 994 Prouideat
395 936 507 993 autem
521 925 578 1010 qui
596 936 734 992 excusat
750 935 787 991 vt
801 925 885 991 alter
903 924 955 992 vel
973 937 1111 1010 vterque
1127 925 1300 991 missorum
1314 955 1329 1008 ⁵

203 1032 297 1098 miles
326 1033 369 1097 sit
395 1031 449 1097 vel
471 1030 573 1096 laicus
595 1029 679 1095 alius
697 1030 824 1095 ratione
849 1029 1019 1116 sanguinis
1039 1029 1094 1094 vel
1114 1029 1212 1094 aliter
1236 1028 1301 1096 sibi

202 1137 413 1202 coniunctus:
442 1135 506 1200 hoc
532 1142 583 1198 est
606 1134 699 1198 cuius
724 1131 803 1198 fidei
831 1132 884 1199 vel
907 1133 1096 1199 discretioni
1119 1151 1156 1198 se
1180 1143 1216 1198 et
1240 1153 1301 1199 sua

202 1239 410 1306 committere
424 1258 491 1303 non
505 1237 653 1304 diffidat:
680 1237 769 1303 solos
783 1238 875 1302 enim
888 1237 1025 1303 clericos
1039 1237 1082 1302 ad
1097 1236 1162 1302 boc
1176 1236 1298 1320 suscipi

201 1364 269 1409 non
283 1351 424 1427 oportet,
440 1341 519 1426 quia
532 1341 560 1406 si
576 1361 671 1407 secus
688 1341 818 1426 egerint
831 1361 897 1406 non
909 1342 1005 1412 decet
1016 1361 1074 1406 eos
1084 1361 1147 1426 pro
1159 1341 1301 1424 pecunia

199 1447 254 1514 uel
268 1446 446 1514 ratiociniis
460 1445 707 1530 comprehendi.
763 1444 801 1512 Si
818 1465 896 1511 vero
916 1445 1055 1512 citatum
1070 1444 1299 1510 vicecomitem
1314 1464 1351 1502 ro

200 1551 319 1617 abesse
333 1548 517 1634 contigerit,
532 1568 600 1613 non
617 1547 810 1615 infirmitate
828 1549 975 1634 quidem,
992 1549 1051 1614 sed
1070 1546 1219 1632 qualibet
1233 1548 1299 1614 alia

200 1673 299 1719 causa
324 1653 543 1738 prepeditum,
567 1652 616 1716 sic
644 1650 781 1720 forsitan
808 1673 830 1716 a
855 1672 942 1736 pena
965 1651 1148 1718 constituta
1173 1653 1297 1734 poterit

200 1757 328 1823 liberari
341 1781 350 1834 3
369 1777 483 1823 verum
504 1757 547 1822 ad
563 1753 768 1840 explendum
783 1767 981 1841 compotum
996 1777 1092 1822 suum
1111 1755 1221 1822 nullus
1234 1776 1297 1841 pro

200 1881 242 1927 eo
269 1861 464 1944 suscipietur
492 1879 553 1926 nec
574 1859 817 1943 primogenitus
841 1859 928 1926 filius
954 1880 1017 1926 nec
1040 1861 1201 1946 generalis
1227 1863 1331 1936 eiusn

199 1974 402 2050 procurator,
419 1963 521 2030 etiam
542 1963 571 2028 si
593 1962 693 2028 breue
715 1983 812 2028 suum
835 1963 994 2033 direxerit
1015 1984 1051 2030 se
1073 1973 1181 2029 ratum
1203 1963 1342 2042 habi-15
1434 2003 1435 2008 κ

199 2080 311 2135 turum
326 2069 417 2152 quod
432 2067 489 2133 ille
502 2065 555 2132 vel
571 2065 627 2132 ille
638 2088 699 2151 pro
714 2088 751 2132 se
766 2066 887 2135 iecerit.
931 2067 1044 2134 Solius
1054 2088 1133 2134 vero
1148 2069 1300 2135 mandati·

198 2173 288 2257 regii,
303 2172 356 2238 vel
372 2172 473 2238 etiam
491 2171 689 2256 presidentis
706 2173 912 2251 auctoritate,
929 2171 958 2237 si
975 2193 1036 2238 rex
1054 2171 1173 2238 absens
1187 2170 1301 2253 fuerit,-

199 2279 242 2344 ad
263 2286 458 2361 compotum
477 2295 574 2346 suum
590 2275 795 2360 explendum
814 2274 917 2340 alium
932 2275 1055 2361 poterit
1075 2275 1294 2353 substituere3

198 2381 225 2447 si
235 2389 348 2447 tamen
360 2377 628 2446 aliudadomino
639 2397 717 2462 rege
727 2380 900 2462 negotium
909 2379 971 2444 sibi
981 2387 1073 2464 gerat
1081 2378 1296 2462 assignatum,

199 2484 270 2568 ipse
287 2484 331 2548 ad
350 2482 550 2548 scaccarium
569 2483 604 2545 in
624 2482 759 2567 propria
775 2501 916 2566 persona
933 2492 1122 2566 presentem
1144 2483 1295 2548 nominet
1310 2506 1349 2544 20·

198 2587 265 2672 qui,
291 2587 386 2652 iuxta
412 2585 503 2669 quod
529 2584 754 2670 supradictum
785 2594 844 2662 cst,
870 2587 975 2669 possit
1001 2593 1037 2651 et
1062 2585 1182 2652 debeat
1207 2587 1296 2652 vice·

198 2690 327 2758 comitis
356 2688 502 2755 absentis
530 2689 665 2772 negotia
693 2708 877 2773 procurare.
937 2689 1024 2755 illud
1050 2699 1163 2755 autem
1193 2690 1296 2756 breue

198 2793 284 2877 regis
306 2791 359 2859 vel
382 2791 579 2876 presidentis
596 2791 663 2873 ,vel
684 2793 885 2858 vicecomitis
911 2793 1102 2858 excusantis
1125 2793 1160 2857 in
1186 2792 1295 2859 forulo

199 2896 382 2963 marescalli
396 2896 489 2962 cuius
503 2916 604 2980 supra
618 2895 830 2962 meminimus
844 2897 877 2961 in
892 2897 1121 2963 testimonium
1135 2897 1233 2962 huius
1247 2898 1293 2963 rei

197 3001 426 3069 reseruabitur.
481 2999 581 3084 Quod
597 3001 625 3066 si
642 3001 828 3066 vicecomes
845 2999 927 3066 alias
941 3002 1011 3084 regi
1026 3001 1229 3066 necessarius
1246 3002 1291 3068 ab
1308 3007 1340 3076 2'5

198 3109 271 3193 ipso
288 3115 426 3178 vocatus
444 3102 541 3170 suerit
560 3115 659 3174 extra
678 3123 828 3190 regnum,
841 3104 904 3185 vel,
918 3113 1055 3191 accepta
1073 3104 1217 3184 licencia,
1231 3127 1294 3190 pro

196 3211 412 3276 familiaribus
437 3208 576 3294 negotiis
603 3209 696 3276 exire
720 3208 928 3294 disposuerit,
953 3209 1044 3293 prius
1068 3209 1293 3294 presidentem

196 3317 295 3381 adeat
320 3322 355 3379 et
375 3314 452 3380 viua
476 3333 558 3379 voce
581 3313 668 3379 vices
694 3332 771 3380 suas
794 3313 837 3378 ad
863 3313 1064 3380 scaccarium
1085 3313 1218 3396 deleget
1238 3314 1292 3379 cui
1316 3371 1318 3374 ,

196 3419 337 3486 voluerit
359 3419 430 3484 viro
452 3417 641 3502 legittimo;
663 3438 730 3502 quo
752 3417 849 3495 iacto,
864 3437 940 3482 cum
962 3417 1083 3483 absens
1103 3417 1208 3494 suerit,
1232 3437 1293 3483 nec

196 3525 297 3590 breue
317 3523 447 3590 mittere
463 3541 524 3592 nec
543 3521 727 3587 absentiam
746 3540 840 3587 suam
859 3540 1018 3586 excusare
1030 3528 1176 3606 cogetur.
1220 3523 1292 3588 Ex·
1305 3543 1338 3594 30
1424 3601 1427 3608 Ι

195 3635 334 3695 cusante
353 3647 433 3693 vero
451 3647 487 3693 se
506 3627 701 3695 vicecomite
719 3647 819 3692 causa
837 3624 1044 3707 infirmitatis,
1059 3648 1136 3693 cum
1152 3639 1292 3694 ventum

194 3733 293 3798 suerit
322 3733 366 3798 ad
395 3731 604 3798 scribendum
634 3730 704 3796 sius
737 3739 930 3816 compotum
965 3731 1000 3797 in
1031 3731 1141 3797 annali
1174 3731 1293 3814 rotulo,

194 3839 323 3904 dicetur
350 3834 567 3916 ‘willelmus
592 3834 777 3902 vicecomes
805 3835 990 3914 Londonie,
1016 3835 1184 3919 Robertus'
1206 3834 1293 3903 filius

164 3973 166 3976 ·
195 3940 265 4005 eius
280 3959 341 4023 pro
362 3959 412 4014 eo,
424 3939 534 4004 reddit
551 3946 744 4023 compotum
763 3941 805 4005 de
823 3937 919 4006 firma
936 3941 978 4006 de
994 3939 1188 4006 Londonia'
1240 3941 1293 4006 At

194 4044 300 4128 siper
319 4043 405 4127 regis
425 4043 620 4108 mandatum
639 4041 723 4108 alius
741 4041 804 4108 sibi
824 4043 1042 4125 substituitur,
1056 4043 1112 4109 vel
1128 4045 1199 4128 ipse
1215 4045 1292 4110 viua
1305 4059 1337 4111 35

231 4209 479 4338 mepp'modoli
561 4225 595 4282 14
613 4211 745 4285 uec]nisi
758 4212 795 4267 N
873 4214 905 4269 18
923 4212 1091 4284 explendum
1103 4212 1187 4269 alium
1199 4217 1293 4270 onaR

198 4283 310 4356 19a]in
419 4283 894 4354 soadscaocarium]adiecmmN
960 4298 992 4355 31
1003 4294 1118 4340 ventum
1139 4285 1297 4341 uocaseN

194 4371 228 4428 33
241 4354 515 4414 deLuudoniisNR
585 4369 620 4426 ³⁴
639 4354 736 4442 reddet
747 4355 807 4411 NR
876 4367 910 4426 35
930 4352 1002 4428 ipse]
1016 4354 1077 4427 ipsa
