3360 5172
402 411 466 476 114
770 393 836 460 na
859 390 1132 461 senccruuo
1390 391 1435 485 [11
1451 394 1498 462 rc

399 573 435 631 et
452 565 516 631 hiis
530 565 656 632 taxatis
676 586 696 632 a
717 563 895 631 maioribus
911 565 944 630 in
959 565 1273 631 summonitionibus
1288 575 1498 632 annotantur.

398 667 531 754 Quibus
556 690 615 755 per
639 669 789 735 ordinem
815 669 952 754 digestis
981 669 1176 736 terminatur
1200 670 1417 737 summonitio
1438 691 1500 756 per

398 771 459 838 bec
470 773 571 838 verba
586 779 637 838 ‘et
648 773 709 838 bec
721 773 834 838 omnia
844 783 957 840 tecum
967 772 1091 839 habeas
1105 773 1138 838 in
1151 773 1295 840 denariis
1306 782 1339 838 et
1351 773 1452 840 talliis
1463 786 1498 840 et

397 876 555 942 breuibus
569 887 605 943 et
625 878 814 962 quietantiis
832 876 886 943 vel
906 875 1079 960 capientur
1098 877 1142 942 de
1162 874 1258 950 firma
1279 888 1350 943 tua.
1394 877 1498 944 Teste

368 1007 384 1060 ς
398 979 454 1045 illo
464 979 517 1046 vel
528 978 586 1046 illo
596 981 641 1046 ibi
651 980 694 1045 ad
707 977 925 1046 scaccarium'
960 975 1123 1070 [Fuerunt
1131 989 1246 1046 tamen
1257 980 1315 1064 qui
1326 981 1498 1046 crederent

398 1084 575 1150 dicendum
591 1084 624 1149 in
639 1083 793 1166 denariis,
803 1081 856 1149 vel
867 1082 976 1161 talliis,
985 1083 1038 1148 vel
1050 1083 1218 1163 breuibus,
1228 1083 1280 1150 vel
1296 1083 1498 1166 quietantiis,

397 1207 465 1252 non
495 1186 725 1272 intelligentes
743 1186 861 1268 †vel†
891 1187 1092 1270 quandoque
1116 1187 1379 1253 subdisiunctiue
1407 1188 1498 1272 poni.

398 1289 574 1375 Superllua
588 1300 701 1356 tamen
712 1299 764 1356 est
777 1290 967 1356 huiusmodi
982 1289 1026 1355 de
1040 1289 1150 1355 verbis
1164 1291 1337 1356 contentio
1360 1310 1437 1356 cum
1452 1291 1497 1356 de

396 1413 511 1460 eorum
527 1393 697 1459 intellectu
707 1393 901 1460 constiterit.
946 1393 1027 1459 Siue
1048 1394 1137 1459 enim
1152 1394 1276 1460 dixeris
1292 1394 1346 1459 ‘in
1354 1395 1498 1460 denariis

353 1498 449 1563 revel
468 1497 623 1562 breuibus
646 1499 701 1563 vel
716 1494 924 1582 quietantiis’
948 1497 1002 1562 vel
1017 1501 1025 1532 ‘
1038 1498 1072 1562 in
1086 1498 1229 1563 denariis
1243 1507 1278 1564 et
1288 1498 1447 1564 breuibus
1462 1509 1496 1562 et

396 1599 605 1685 quietantiis,'
628 1600 717 1666 idem
733 1611 785 1666 est
804 1599 1001 1680 intellectus,
1014 1611 1052 1666 vt
1068 1600 1192 1666 scilicet
1211 1601 1244 1666 in
1262 1600 1325 1666 hiis
1341 1601 1497 1667 omnibus

395 1705 450 1771 vel
472 1725 586 1770 eorum
607 1703 772 1790 aliquibus
793 1704 932 1770 satisfiat
952 1706 995 1771 de
1013 1704 1160 1790 hiisque
1182 1705 1216 1769 in
1239 1706 1498 1771 summonitione

396 1803 628 1895 continemus]
676 1810 839 1888 Preterea‚
851 1809 930 1893 quia
939 1809 1035 1874 nouis
1047 1809 1172 1875 morbis
1182 1829 1241 1892 per
1252 1828 1340 1873 noua
1351 1809 1498 1874 remedia

396 1911 492 1978 decet
505 1911 681 1990 subueniri,
696 1913 849 1979 additum
868 1910 931 1978 luit
950 1911 984 1975 in
1005 1912 1318 1978 summonitionibus
1338 1910 1402 1978 hoc
1417 1915 1497 1978 sub-

354 2041 384 2094 ¹⁵
397 2019 556 2102 scriptum
584 2039 629 2083 ex
655 2015 786 2084 nouella
800 2017 1055 2092 constitutione,
1078 2016 1143 2082 hoc
1168 2028 1219 2082 est
1241 2007 1318 2102 post
1344 2027 1496 2101 tempora

396 2121 484 2204 regis
500 2119 634 2186 Henrici
650 2121 758 2204 primi,
780 2118 902 2203 ‘Quod
919 2121 947 2186 si
962 2121 1047 2186 forte
1061 2121 1105 2185 de
1121 2119 1260 2186 alicuius
1273 2120 1392 2186 debito
1406 2140 1497 2184 sum·

398 2222 544 2288 monitus
559 2245 595 2288 es
616 2224 674 2306 qui
691 2234 812 2291 terram
831 2221 885 2287 vel
900 2221 1019 2288 catalla
1040 2221 1227 2289 nonhabet
1245 2223 1278 2288 in
1298 2223 1412 2289 baillia
1430 2231 1498 2300 tua,

399 2335 434 2391 et
449 2327 580 2390 noueris
592 2328 624 2392 in
636 2327 729 2392 cuius
739 2325 852 2392 baillia
862 2326 916 2390 vel
930 2327 1090 2394 comitatu
1105 2325 1269 2406 habuerit,
1279 2335 1316 2393 tu
1329 2329 1399 2410 ipse
1410 2327 1498 2392 vice·

398 2429 514 2495 comiti
529 2428 586 2511 illi,
596 2429 650 2494 vel
670 2430 803 2510 balliuo,
820 2451 878 2514 per
899 2431 1000 2496 breue
1012 2440 1109 2497 tuum
1120 2430 1185 2495 hoc
1200 2431 1309 2514 ipsum
1325 2429 1499 2516 significes,

354 2531 568 2598 sodeferente
591 2534 673 2600 illud
698 2535 811 2618 aliquo
834 2555 855 2599 a
885 2544 920 2600 te
943 2535 1055 2616 misso,
1081 2535 1139 2618 qui
1165 2535 1195 2599 ei
1218 2536 1320 2601 breue
1341 2545 1438 2602 tuum
1464 2535 1497 2598 in

358 2649 384 2700 n
399 2636 570 2715 comitatu,
583 2638 612 2702 si
634 2646 755 2723 potest,
769 2638 823 2704 vel
846 2657 958 2705 coram
980 2639 1130 2723 pluribus
1152 2636 1290 2704 liberet!
1336 2639 1411 2704 Hec
1433 2659 1497 2722 que

398 2742 608 2828 prediximus
631 2762 800 2828 apponere
821 2741 997 2809 ridiculosa
1017 2743 1099 2809 satis
1122 2753 1157 2808 et
1178 2742 1392 2827 dispendiosa
1416 2764 1498 2827 quo-

398 2846 540 2911 rundam
568 2845 771 2930 subterfugia
794 2845 1038 2930 compulerunt
1082 2845 1228 2932 Cognito
1258 2847 1348 2913 enim
1378 2847 1499 2930 quibus

399 2949 629 3016 determinatis
639 2951 845 3034 temporibus
856 2949 1132 3017 summonitiones
1148 2952 1392 3030 emittebantur,
1404 2962 1499 3016 ante·

356 3077 387 3129 rr
400 3074 501 3139 quam
516 3053 720 3138 peruenisset
735 3055 778 3119 ad
794 3055 988 3120 comitatum
1007 3055 1222 3121 summonitio
1239 3056 1282 3120 de
1297 3055 1413 3122 debito
1428 3076 1500 3134 suo,

399 3158 550 3224 vacuatis
569 3158 695 3224 horreis
715 3168 749 3222 et
767 3159 916 3241 pecuniis
937 3159 1004 3223 suis
1027 3178 1225 3242 quocunque
1248 3158 1313 3224 sibi
1333 3159 1501 3224 distractis

400 3259 454 3326 vel
479 3262 524 3327 ad
548 3261 620 3326 loca
645 3271 721 3326 tuta
745 3261 921 3340 translatis,
947 3282 1071 3327 vacuus
1094 3263 1127 3327 in
1149 3264 1252 3328 domo
1276 3281 1337 3327 sua
1355 3262 1501 3327 residens

400 3364 603 3432 vicecomitis
630 3373 664 3430 et
696 3375 879 3430 ceterorum
909 3365 1097 3430 officialium
1131 3385 1265 3431 securus
1300 3367 1499 3450 expectabat

400 3469 594 3546 aduentum,
609 3477 644 3533 et
663 3466 726 3534 hac
745 3479 818 3533 arte
840 3467 988 3553 plurimis
1005 3469 1100 3533 annis
1121 3469 1212 3552 regie
1230 3469 1499 3536 summonitionis

357 3595 390 3647 30
401 3572 581 3638 auctoritas
602 3591 670 3636 non
691 3573 762 3636 sine
787 3572 962 3656 dispendio
983 3571 1158 3638 videbatur
1180 3572 1286 3638 illudi.
1332 3572 1394 3637 llle
1413 3573 1500 3642 euim

402 3676 446 3741 ad
468 3695 568 3758 quem
589 3694 666 3739 cum
685 3675 895 3742 facultatibus
916 3674 993 3756 suis,
1016 3686 1126 3742 metus
1143 3676 1241 3741 huius
1260 3696 1370 3756 causa,
1391 3687 1500 3741 trans-

402 3778 494 3858 ierat,
509 3797 585 3843 cum
601 3777 679 3843 inde
694 3778 889 3844 mandatum
909 3799 976 3843 non
990 3779 1137 3860 baberet,
1148 3781 1181 3845 in
1197 3801 1248 3844 res
1271 3799 1348 3844 suas
1363 3800 1499 3846 manum

402 3883 535 3948 mittere
562 3901 629 3946 non
658 3883 880 3965 presumebat.
937 3882 1015 3949 Hac
1044 3903 1124 3967 ergo
1148 3883 1411 3952 consideratione
1440 3905 1500 3968 per

437 4049 596 4135 3in1etR
666 4065 735 4123 5-13
753 4053 1128 4136 Fuerunt...continentur
1138 4053 1302 4108 seclusimus
1371 4053 1500 4136 8huius·

398 4123 580 4250 ffqdliiissbg.
588 4195 616 4249 R
658 4137 692 4240 '11
703 4128 776 4265 gost
785 4125 891 4265 {llhpg
900 4125 965 4251 ΝΜ
974 4125 1501 4262 νιῗῗοὴῗίἱξῗίώοτιειῖἱὲἑῗῖἓῖ

404 4265 436 4320 18
449 4269 517 4348 post
528 4265 686 4322 vicecomiti
774 4267 907 4348 quic..
975 4279 1010 4321 aa
1027 4265 1199 4337 predicimus
1211 4266 1270 4320 NR
1375 4281 1410 4335 24
1429 4275 1499 4322 tern-

400 4337 514 4407 porrbus
525 4353 579 4393 om.
590 4336 650 4393 NR
737 4337 773 4392 26
790 4335 972 4392 drstnctrsN
1053 4348 1087 4403 27
1106 4335 1178 4409 tuta]
1191 4337 1280 4393 suaC
1367 4335 1501 4394 vacuisR

400 4404 586 4478 soelludiN
660 4421 693 4479 3¹
713 4423 800 4465 causa
811 4407 938 4466 Madox:
956 4423 1041 4466 cause
1052 4405 1128 4464 coda
