3360 5172
198 356 264 424 lxi
279 351 321 445 A]
566 355 634 422 DE
656 352 929 425 SCACCARIO
1233 375 1293 422 101

200 529 410 597 manifestum
433 537 492 607 est,
510 477 711 622 presertim
702 493 791 607 crini
801 525 849 592 sic
871 526 977 593 modis
999 528 1161 608 omnibus,
1176 539 1213 595 vt
1235 530 1297 595 sibi

200 634 420 715 consulerent,
433 635 476 700 de
494 643 606 700 cetero
623 625 771 699 stude‘re
771 633 963 730 tenerentur
977 632 1108 698 deuotis
1128 634 1296 718 obsequiis

200 738 412 804 dominorum
432 757 568 804 suorum
587 735 730 821 gratiam
750 727 916 820 enleicari.
963 734 1044 803 Sic
1034 734 1135 819 rgitur
1148 737 1297 821 quisquis

199 843 244 908 de
272 853 373 926 gente
397 842 535 908 subacta
561 839 681 906 fundos
706 837 760 904 vel
784 822 923 939 aliquid.
924 838 1118 914 ·huiusmodi
1141 841 1297 924 possidet,

202 966 270 1014 non
284 946 376 1031 quod
392 946 518 1012 ratione
532 943 746 1011 successionis
760 943 874 1010 deberi
883 917 1141 1026 siijjdebatur
1154 946 1297 1030 adeptus
1311 969 1325 1021 ⁵

204 1060 265 1131 est,
283 1060 334 1116 set
348 1050 441 1133 quod
452 1048 673 1129 solummodo,
684 1047 810 1113 merrus
820 1067 888 1112 surs
899 1037 1109 1148 cingentibus
1119 1046 1174 1113 vel
1186 1049 1298 1133 aliqua

203 1154 356 1240 pactione
371 1152 619 1231 interueniente,
632 1151 788 1217 obtinuit.

245 1257 442 1342 Discipulus.
487 1256 579 1341 Quid
594 1256 639 1322 sit
653 1254 837 1322 centuriata
849 1253 902 1321 vel
913 1237 1133 1352 hundredum·
1134 1241 1205 1323 ιἰοιι
1219 1257 1298 1322 satis

199 1362 289 1429 noui.
1090 1361 1123 1424 ’.-
1145 1377 1184 1449 ‚q
1186 1385 1216 1424 ..-

245 1464 420 1548 Magister.
465 1463 599 1532 Sustine
619 1461 796 1538 modicum,
811 1461 896 1527 scies
913 1467 1031 1546 postea
1050 1440 1144 1527 loco
1141 1432 1205 1530 still
1207 1458 1297 1561 [boc
1312 1486 1343 1527 ιο

202 1581 254 1636 est
278 1569 312 1634 in
338 1567 438 1635 titulo
463 1569 506 1634 de
530 1567 616 1632 libro
637 1563 830 1649 iudiciario}
874 1564 973 1631 Nunc
994 1562 1248 1664 prosequamini
1254 1568 1312 1650 da·

201 1672 388 1758 danegeldo
400 1683 443 1749 et,
455 1679 491 1736 vt
506 1672 590 1736 ratio
601 1669 742 1736 nominis
752 1669 811 1735 tibi
823 1678 953 1735 constet
955 1649 1344 1754 ,paulisperaduert'e,:⁰

332 1775 465 1844 ‘Insula
479 1784 593 1842 nostra
608 1773 675 1840 suis
692 1782 850 1840 contenta
867 1773 974 1848 bonis,
988 1774 1168 1890 peregrinis

352 1877 432 1942 Non
451 1887 537 1960 eget,
550 1875 637 1940 hanc
655 1874 752 1960 igitur
767 1873 883 1938 merito
900 1872 1018 1937 dixere
1032 1873 1157 1955 priores

352 1980 553 2063 Diuitiisque
567 1979 674 2046 sinum
689 1977 878 2061 deliciisque
891 1975 1015 2044 larem!
1313 2006 1323 2043 ι
1328 2008 1343 2059 5

203 2085 341 2169 Propter
363 2086 428 2150 hoc
450 2084 639 2150 innumeras
661 2084 705 2149 ab
728 2085 853 2149 exteris
874 2084 1003 2151 iniurias
1027 2106 1124 2170 passa
1144 2095 1205 2164 est,
1220 2085 1298 2170 quia

201 2191 362 2272 scriptum
376 2197 427 2254 est
442 2196 450 2226 ‘
464 2188 585 2253 Furem
599 2187 743 2270 pretiosa
758 2187 889 2272 signata
900 2188 1094 2257 sollicitant!
1151 2190 1297 2258 Circum·

201 2293 378 2360 iacentium
397 2292 485 2358 enim
500 2289 681 2357 insularum
703 2294 876 2374 predones,
892 2293 1072 2378 irruptione
1089 2295 1185 2376 iacta,
1199 2293 1298 2360 mari·

200 2398 283 2462 tima
311 2395 563 2481 depopulantes,
583 2416 712 2474 aurum,
734 2407 908 2480 argentum
934 2407 968 2463 et
996 2418 1129 2482 queque
1153 2400 1298 2484 pretiosa

200 2501 373 2569 tollebant.
415 2501 543 2566 Verum
557 2519 634 2565 cum
652 2520 712 2566 rex
727 2509 761 2566 et
777 2501 930 2586 indigene
944 2502 1069 2570 bellicis
1083 2503 1299 2588 apparatibus
1313 2525 1344 2563 ιο

201 2607 350 2674 instructi
375 2605 409 2671 in
433 2625 493 2670 sue
515 2603 623 2689 gentis
648 2603 873 2670 defensionem
902 2605 1073 2686 instarent,
1094 2605 1141 2671 illi
1163 2605 1298 2692 ‘sugas'

201 2710 479 2795 aggrediebantur
493 2703 693 2792 ‘equoreas’
730 2708 822 2774 Inter
835 2709 898 2776 hos
910 2710 1023 2794 itaque
1037 2731 1122 2796 pene
1135 2711 1299 2796 precipua,

201 2823 236 2879 et
250 2833 381 2898 semper
394 2812 526 2897 pronior
541 2811 585 2879 ad
599 2814 797 2891 nocendum,
811 2824 881 2879 erat
894 2812 1049 2881 bellicosa
1065 2815 1123 2880 illa
1140 2824 1174 2880 et
1191 2835 1299 2900 popu·

200 2917 273 2983 losa
287 2938 369 3001 gens
383 2917 563 2994 Dacorum,
577 2916 634 3002 qui
650 2926 761 3000 preter
779 2936 991 2982 communem
1006 2899 1177 3001 raptorum
1192 2919 1298 2984 auari-

202 3021 285 3085 tiam
299 3021 405 3086 acrius
426 3021 603 3100 instabant,
617 3019 696 3103 quia
717 3017 843 3103 aliquid
865 3021 928 3086 sibi
951 3021 994 3086 de
1016 3022 1153 3104 antiquo
1174 3021 1245 3087 iure
1265 3021 1298 3085 in
1314 3040 1345 3093 ιι

194 3125 349 3196 ¹eiusdem
379 3123 472 3208 regni
501 3123 727 3190 dominatione
755 3123 987 3202 vendicabant,
1012 3124 1098 3190 sicut
1124 3124 1297 3190 Britonum

200 3227 328 3311 plenius
343 3238 453 3294 narrat
467 3227 613 3294 historia.
655 3227 716 3293 Ad
737 3225 799 3292 hos
821 3227 920 3311 igitur
941 3229 1101 3295 arcendos
1123 3251 1144 3294 a
1166 3228 1299 3312 regibus

200 3329 355 3418 Anglicis
368 3341 531 3398 statutum
544 3341 595 3397 est
605 3340 643 3397 vt
654 3331 697 3397 de
707 3329 845 3415 singulis
859 3330 946 3396 hidis
960 3332 1061 3416 regni,
1072 3331 1142 3398 iure
1152 3331 1298 3415 quodam

200 3445 372 3521 perpetuo,
394 3437 462 3503 duo
482 3436 578 3502 solidi
599 3435 748 3521 argentei
770 3434 977 3502 soluerentur
996 3437 1029 3501 in
1052 3455 1131 3502 usus
1152 3435 1298 3501 virorum

199 3538 343 3619 fortium,
365 3540 421 3624 qui
443 3539 681 3624 perlustrantes
706 3549 742 3606 et
763 3539 882 3622 iugiter
906 3539 1111 3605 excubantes
1135 3539 1299 3605 maritima
1313 3557 1346 3608 ιο

199 3643 361 3728 impetum
389 3644 535 3710 hostium
564 3643 789 3728 reprimerent.
832 3642 923 3728 Quia
947 3644 1048 3728 igitur
1077 3643 1299 3728 principaliter

200 3770 262 3835 pro
273 3749 375 3815 Dacis
390 3749 562 3815 institutus
573 3758 624 3814 est
635 3747 689 3814 hie
703 3747 862 3830 redditus,
874 3747 1108 3833 Danegeldum
1118 3747 1170 3814 vel
1185 3748 1299 3813 Dane-

199 3852 317 3938 geldus
332 3853 461 3920 dicitur.
508 3853 575 3919 Hic
589 3852 690 3936 igitur
703 3872 814 3917 annua
828 3852 911 3937 lege,
922 3852 1007 3920 sicut
1021 3853 1148 3919 dictum
1162 3861 1224 3932 est,
1237 3853 1300 3918 sub

199 3957 363 4042 indigenis
372 3957 503 4042 regibus
513 3955 705 4023 soluebatur
714 3956 1033 4040 usqueadtempora
1043 3957 1130 4042 regis
1140 3955 1299 4022 Willelmi

200 4061 298 4146 primi
321 4061 363 4126 de
384 4071 486 4146 gente
507 4069 540 4126 et
562 4078 682 4147 genere
706 4061 984 4126 Normanuorum.
1046 4061 1125 4146 Ipso
1154 4078 1299 4143 namque
1313 4075 1346 4129 ιι

1311 1789 1414 1881 ns*⁸

239 4262 273 4306 ro
289 4245 452 4320 boc]velR
562 4263 592 4308 ιι
612 4265 664 4307 suo
669 4251 738 4321 post
747 4246 820 4304 lrbro
831 4247 948 4306 οιιιι..6
967 4249 1018 4304 sed
1021 4251 1120 4332 postea
1132 4247 1301 4304 cancellavit

199 4319 461 4464 atadnffidentm
504 4321 624 4450 dieorCC
726 4319 872 4388 aybocR
985 4317 1299 4392 35et1inRsedcorr·
