3290 5134
367 379 409 446 n
736 367 1099 444 nsscsccnmo
1347 367 1376 464 [1
1391 369 1467 443 urs

366 547 454 632 regis
489 547 679 630 utilitatem,
707 546 801 612 salua
836 553 950 612 tamen
980 544 1137 629 equitate,
1172 541 1245 630 pari
1281 543 1466 614 intentione

365 651 526 730 deuotas;
542 671 659 716 omnes
669 651 803 735 quidem
820 648 1031 715 dominorum
1045 665 1181 714 suorum
1196 649 1384 716 nominibus
1398 669 1467 716 uon

365 754 509 842 propriis
524 754 715 838 militantes,
724 753 876 838 exceptis
885 752 1016 819 duobus
1026 751 1215 832 dumtaxat,
1224 752 1331 820 milite
1341 753 1466 820 scilicet

241 893 246 898 -
365 858 423 943 qui
444 869 555 943 preest
577 858 796 935 examinibus,
813 865 848 922 et
867 856 983 922 fusore
1030 855 1162 922 Horum
1183 857 1271 922 enim
1293 857 1401 924 officia
1423 859 1467 924 de

336 982 352 1042 3
366 962 452 1046 regis
461 973 593 1028 tantum
604 964 750 1046 pendent
764 959 909 1037 arbitrio,
917 961 1006 1027 vnde
1020 960 1126 1044 magis
1140 961 1185 1026 ad
1199 961 1349 1045 superius
1363 980 1465 1045 quam

364 1067 408 1132 ad
425 1065 558 1131 inferius
573 1067 738 1150 pertinere
751 1064 915 1143 videntur,
929 1063 1014 1130 sicut
1029 1063 1113 1130 inira
1127 1064 1263 1131 dicetur.

410 1170 483 1236 Illic
506 1180 557 1236 est
578 1169 718 1238 clericus
739 1168 936 1237 thesaurarii
958 1189 1034 1234 cnm
1055 1168 1166 1254 sigillo
1190 1169 1271 1238 eius.
1314 1167 1402 1236 Sunt
1431 1181 1465 1236 et

364 1275 434 1340 duo
448 1274 569 1341 milites
584 1274 849 1342 camerariorum
892 1274 956 1340 Est
971 1283 1005 1339 et
1020 1271 1116 1338 miles
1126 1273 1263 1358 quidam
1274 1273 1333 1357 qui
1348 1293 1465 1358 argen-

365 1377 469 1444 tarius
499 1377 565 1444 dici
595 1387 707 1463 potest
739 1379 819 1461 quia
850 1397 895 1443 ex
924 1375 1036 1444 officio
1068 1389 1209 1462 argento
1240 1379 1468 1444 examinando

323 1505 354 1545 ιο
365 1489 485 1569 preest.
529 1481 592 1548 Est
618 1492 654 1549 et
683 1482 773 1548 iusor
803 1480 860 1565 qui
888 1491 1063 1564 argentum
1093 1483 1275 1548 examinat.
1321 1481 1408 1548 Sunt
1433 1490 1467 1547 et

365 1594 511 1669 quatuor
529 1593 776 1670 computatores
795 1586 839 1650 ad
860 1586 1100 1651 numerandam
1121 1587 1306 1670 pecuniam.
1351 1587 1415 1651 Est
1433 1595 1467 1652 et

365 1686 544 1756 hostiarius
559 1690 704 1756 thesauri
719 1700 753 1756 et
768 1687 858 1773 vigil
904 1688 1037 1756 Horum
1052 1698 1164 1756 autem
1179 1688 1241 1756 hec
1256 1699 1332 1755 sunt
1347 1689 1466 1756 officia.

367 1791 515 1860 Clericus
540 1792 735 1858 thesaurarii
763 1812 842 1858 cum
869 1790 969 1858 suerit
997 1801 1171 1859 numerata
1199 1793 1339 1878 poeunh
1369 1801 1404 1859 et
1433 1794 1466 1858 in

364 1896 490 1963 forulos
512 1897 614 1962 missa
636 1917 697 1981 per
717 1903 872 1960 centenas
894 1895 995 1961 libras
1017 1895 1157 1980 apponit
1178 1895 1322 1982 sigillum
1347 1906 1382 1963 et
1407 1899 1467 1965 de·

322 2022 353 2076 ¹5
367 2013 464 2088 putat
490 2002 613 2086 scripto
639 2006 800 2084 quantum
824 2000 878 2065 vel
904 2020 925 2065 a
951 2019 1019 2084 qno
1043 1999 1098 2066 vel
1128 1999 1173 2066 ob
1202 2018 1303 2083 quam
1333 2019 1466 2066 causam

366 2105 533 2188 receperit.
578 2104 699 2170 Taleas
721 2122 853 2188 quoqne
874 2104 917 2169 de
938 2102 1055 2168 eadem
1077 2113 1210 2188 recepta
1236 2125 1257 2170 a
1283 2105 1467 2168 camerariis

365 2206 468 2274 iactas
489 2206 673 2273 imbreuiat.
717 2205 796 2271 Non
815 2205 925 2271 solum
944 2214 1056 2272 autem
1077 2207 1217 2289 pecunie
1237 2207 1341 2272 saccis
1357 2207 1416 2272 sed
1432 2217 1466 2272 et

365 2309 473 2376 archis
498 2320 532 2375 et
557 2309 694 2394 singulis
719 2307 833 2374 forulis
859 2308 1039 2392 inquibus
1060 2307 1159 2374 rotuli
1180 2307 1233 2375 vel
1256 2309 1343 2376 talee
1365 2309 1466 2375 collo·

366 2425 483 2481 cantur
497 2415 525 2478 si
541 2413 622 2480 libet
636 2414 774 2499 apponit
789 2412 933 2499 sigillum
949 2414 1042 2479 etad
1057 2413 1169 2480 omnia
1188 2413 1338 2481 subiecta
1358 2413 1467 2481 officia

323 2521 355 2625 ’ἕ
367 2519 543 2603 diligenter
556 2517 716 2602 prospicit
730 2526 764 2583 et
778 2517 823 2582 nil
839 2537 916 2582 eum
931 2515 1023 2584 latet.
1059 2517 1215 2598 Militum,
1233 2517 1291 2602 qui
1306 2529 1340 2583 et
1355 2537 1466 2583 came·

366 2622 443 2688 rarii
453 2621 607 2688 dicuntur
615 2622 694 2706 quia
706 2641 767 2706 pro
778 2620 963 2688 camerariis
972 2619 1239 2700 ministrant‚hoc
1251 2630 1302 2687 est
1310 2621 1465 2687 officium.

368 2725 429 2792 Hii
443 2725 553 2792 claues
572 2725 745 2792 archarum
763 2722 919 2802 baiulant‚
935 2723 1035 2790 arche
1052 2724 1141 2790 enim
1161 2725 1296 2792 cuilibet
1316 2726 1381 2791 due
1394 2745 1467 2790 sere

366 2839 444 2896 sunt
469 2829 591 2896 diuersi
616 2829 767 2914 generis;
798 2827 862 2894 hoc
889 2837 940 2894 est
963 2828 1055 2894 cuius
1077 2829 1185 2895 neutri
1207 2829 1310 2896 clauis
1331 2827 1468 2896 alterius

366 2933 472 3020 possit
496 2933 683 3019 aptari-et
707 2932 754 2999 hii
779 2929 890 2998 claues
915 2951 1029 2997 earum
1058 2931 1220 2999 deferunt.
1265 2932 1466 2999 Circumcin·

323 3063 354 3115 ²5
366 3038 456 3125 gitur
479 3047 591 3103 autern
617 3035 765 3120 quelibet
788 3034 889 3103 archa
913 3036 1054 3122 corrigia
1074 3038 1220 3120 quadarn
1246 3037 1407 3103 immobili
1434 3037 1467 3102 in

367 3161 435 3225 qua
456 3143 605 3226 desuper,
628 3140 764 3206 firmatis
787 3139 875 3216 seris,
897 3139 1091 3206 thesaurarii
1117 3137 1263 3225 sigillum
1288 3142 1468 3226 apponitur

366 3255 404 3311 vt
426 3245 507 3310 nulli
528 3263 644 3310 eorum
665 3243 729 3310 nisi
751 3243 793 3309 de
819 3242 984 3309 communi
1008 3263 1144 3310 asserum
1170 3264 1321 3311 accessus
1343 3253 1466 3330 pateat

369 3348 456 3415 Item
478 3348 622 3416 officium
644 3347 763 3413 horum
783 3359 834 3414 est
853 3357 1058 3414 numeratam
1078 3347 1252 3432 pecuniam
1272 3356 1307 3414 et
1326 3348 1360 3413 in
1379 3349 1468 3414 vasis

367 3452 486 3536 ligneis
507 3473 566 3539 per
584 3462 741 3520 centenos
762 3452 886 3518 solidos
905 3451 1124 3536 compositam
1142 3452 1338 3537 ponderare,
1360 3473 1402 3519 ne
1424 3453 1467 3519 sit

323 3580 356 3633 30
369 3575 460 3621 error
484 3556 517 3619 in
543 3575 690 3635 numero,
717 3565 751 3622 et
778 3566 857 3625 tunc
882 3557 1019 3624 demum
1043 3557 1077 3621 in
1102 3556 1225 3624 forulos
1250 3558 1383 3623 mittere
1408 3578 1468 3643 per

367 3668 532 3736 centenas,
550 3668 587 3724 vt
607 3659 733 3725 dictum
758 3668 819 3742 est,
841 3659 950 3728 libras
995 3659 1097 3744 Quod
1119 3660 1149 3727 si
1170 3681 1229 3726 vas
1254 3661 1391 3744 aliquod
1419 3663 1470 3727 in·

367 3770 503 3827 uentum
523 3771 575 3828 est
600 3761 709 3827 minus
731 3761 870 3844 habens,
886 3783 953 3830 non
978 3763 1114 3848 quidem
1137 3782 1197 3849 per
1221 3765 1468 3832 estimationem

368 3865 460 3950 quod
488 3865 603 3930 deesse
632 3873 769 3949 putatur
801 3866 980 3952 apponitur
1008 3867 1068 3934 sed
1100 3867 1214 3935 statim
1247 3867 1283 3933 iu
1311 3886 1468 3934 aceruum

404 3997 420 4052 3
433 3982 579 4040 dumtaxat
590 3999 644 4038 om.
654 3984 693 4039 Ν
788 3985 875 4042 milite
887 4003 940 4042 om.
954 3985 993 4043 C:
1006 3985 1141 4043 militibus
1152 3987 1190 4042 N
1193 4004 1264 4044 corr.
1351 3987 1468 4060 scilicet]

368 4054 512 4138 dumtaxat
532 4055 568 4109 N
619 4057 856 4138 ‘apresuntN
869 4073 941 4113 corr.
1038 4071 1070 4113 12
1080 4056 1387 4142 posthostiariusadd.
1400 4061 1470 4115 etR

371 4139 405 4192 ¹⁴
422 4123 874 4254 ‘subtilissimis
891 4215 910 4254 2
930 4128 1283 4269 ‘uestiti-'lul
1298 4129 1470 4257 latini
1553 4133 1561 4144 ’

368 4211 554 4350 ἓοωῖὶῗᾶω
564 4277 594 4323 et
605 4236 659 4324 om:
670 4268 699 4323 R
761 4283 851 4339 23-29
861 4215 974 4351 neuhh'io.
987 4307 995 4326 .
1007 4309 1015 4326 .
1027 4268 1186 4340 cen[neuos]
1201 4268 1245 4326 N'
1275 4242 1283 4269 ⁹
1307 4283 1340 4341 25
1359 4268 1467 4354 autem]

367 4354 444 4465 2¹1?
445 4338 609 4482 ”Npomppv
604 4349 633 4395 et
647 4355 701 4395 om.
714 4340 750 4396 Ν
823 4340 1091 4411 31a11quodoucc
1164 4341 1470 4413 33dequodub1tatur
