3326 5126
392 311 456 358 aco
758 288 826 355 DE
849 285 1124 356 SCACCARlO

389 475 421 526 to
439 481 478 525 an
495 471 595 523 essert.
635 457 702 521 'lhe
723 471 923 540 purprestures
943 478 993 521 are
1013 458 1133 521 entered
1155 459 1325 540 separately.
1367 459 1493 524 Lieber·

389 581 481 624 mann
495 559 624 623 remarks
639 558 734 642 (Eut
747 579 776 640 p.
794 559 844 640 13)
857 559 920 621 that
934 559 1063 620 Richard
1082 559 1217 638 supplied
1235 559 1347 640 Nigel's
1359 563 1443 641 place
1457 581 1493 624 as

389 663 479 741 being
488 660 657 733 Trcasurer,
667 658 727 719 and
737 658 807 738 pald
820 659 869 720 the
882 676 991 738 money
1003 656 1080 720 back
1093 667 1124 720 to
1137 657 1186 719 the
1199 658 1312 721 villeins
1326 679 1359 722 ss
1373 659 1492 740 Nigel's

389 779 445 822 son
458 760 518 821 and
532 758 714 821 srchdeeoon
728 757 763 818 os
771 757 836 836 Ely.

429 859 461 919 P.
483 857 586 931 10⁵,l
610 876 655 934 19.
675 874 745 918 non
764 859 935 918 communi
954 859 1052 930 rem
1071 859 1156 919 inre.
1197 853 1265 918 The
1285 856 1391 918 foreste
1411 875 1491 918 vere

387 957 502 1019 nunide
525 955 576 1018 the
597 955 777 1036 jurisdiction
800 954 834 1014 ol
854 954 904 1015 the
926 972 1067 1016 common
1088 954 1143 1016 law
1166 953 1225 1015 and
1252 955 1415 1034 separately
1435 957 1490 1016 ad·

387 1056 564 1117 ministered.
605 1053 650 1116 Cf.
665 1050 781 1114 Stubbs'
800 1053 896 1114 Cesset.
909 1051 988 1113 Hr'st.
1003 1052 1028 1127 1,
1042 1070 1072 1131 p.
1086 1071 1145 1127 40²
1161 1071 1204 1132 sq.

469 1153 488 1214 l
512 1171 559 1214 ar.
578 1170 648 1214 non
669 1155 800 1214 iustum
819 1155 985 1213 absolute.
1034 1151 1167 1213 Another
1187 1149 1362 1231 Exchequer
1381 1151 1489 1214 official

387 1251 498 1312 Walter
511 1249 585 1330 Map
599 1253 624 1310 is
637 1269 710 1310 even
724 1267 807 1311 more
821 1268 918 1312 seuere
931 1246 986 1330 (D.
999 1247 1043 1309 N.
1058 1248 1093 1310 C.
1106 1267 1136 1328 p.
1151 1250 1183 1330 ¹1)
1202 1249 1286 1311 ‘Rex
1303 1247 1369 1331 (ie.
1383 1250 1490 1331 Henry

387 1349 476 1432 11)..
490 1394 498 1410 .
512 1350 677 1410 forestarios
692 1367 753 1412 non
766 1348 881 1422 deleuit,
896 1349 946 1410 sed
964 1347 1061 1409 adhuc
1077 1365 1155 1410 nunc
1173 1363 1240 1427 post
1256 1359 1383 1409 mortem
1401 1367 1488 1410 susm

387 1449 475 1509 sitant
485 1465 585 1510 coram
595 1447 722 1508 leuiatan
730 1464 834 1532 onmes
843 1446 997 1508 hominum
1006 1456 1036 1508 et
1046 1451 1219 1525 sanguinem
1232 1445 1356 1520 hibunt,
1370 1447 1488 1508 excelsa

387 1557 507 1622 struunt,
533 1563 608 1625 quae
632 1546 688 1607 nisi
712 1545 860 1607 Dominus
883 1546 914 1606 in
936 1545 1116 1606 manuforti
1139 1563 1200 1605 non
1221 1545 1403 1618 destnrxerit,
1423 1563 1488 1607 non

387 1645 554 1708 auferuntur
581 1642 637 1705 hii!
688 1640 813 1727 [Quaere
835 1645 977 1722 &endam
1002 1643 1093 1706 ‘deut
1119 1644 1284 1705 anticorum
1311 1641 1486 1726 Leviatsn.']

386 1743 455 1805 The
475 1745 658 1822 expressions
679 1742 844 1804 ‘absolute'
867 1743 925 1803 end
945 1743 1127 1804 ‘secundum
1146 1742 1244 1820 legem
1265 1737 1389 1802 foreste'
1407 1760 1488 1804 nere

386 1843 529 1923 probably
543 1841 700 1920 suggested
713 1850 746 1902 to
761 1839 811 1902 the
824 1839 929 1902 author
941 1843 982 1921 by
995 1841 1040 1901 bis
1053 1841 1160 1920 logical
1172 1841 1307 1918 training.

468 1941 486 2001 l
509 1958 556 2001 aa.
576 1945 620 2001 In
632 1942 767 2002 locutis
780 1943 896 2014 edam,
908 1950 967 2001 ete.
1008 1938 1089 2000 With
1106 1939 1163 2000 this
1183 1957 1252 2018 may
1264 1940 1302 2000 be
1318 1938 1486 2000 contrasted

384 2037 465 2119 John
485 2038 521 2100 ol
538 2034 710 2116 Salisbury's
729 2037 937 2098 denunciation
957 2037 992 2098 os
1008 2037 1133 2116 hunting
1154 2035 1365 2119 (Polycratr'cnr
1385 2037 1463 2118 Liv)
1472 2058 1484 2114 ς

385 2138 439 2197 but
460 2155 535 2197 eren
558 2135 595 2195 he
620 2133 726 2196 admits
746 2135 809 2196 that
831 2133 912 2208 ‘Qui
931 2136 983 2196 otii
1003 2136 1137 2197 inertiam
1158 2136 1256 2208 ritant,
1277 2137 1329 2215 qui
1349 2136 1485 2214 gerendis

385 2235 513 2312 negotiis
526 2234 685 2312 disponunt
698 2235 831 2294 membra
844 2234 916 2294 dum
930 2234 1079 2296 laboribus
1091 2244 1271 2306 assuescunt,
1284 2234 1336 2314 qui
1349 2235 1486 2294 vitiosam

384 2333 516 2410 corporis
539 2331 653 2409 fugiunt
676 2332 795 2402 molem,
816 2343 930 2393 seruata
953 2333 984 2392 in
1008 2333 1148 2394 omnibus
1170 2331 1311 2411 dignutate
1330 2350 1485 2412 personae,

385 2431 476 2492 iustae
495 2429 728 2508 reprehensionis
747 2448 810 2490 non
829 2430 978 2510 patiuntur
997 2429 1132 2492 aculeos’
1153 2428 1233 2512 (thid
1253 2450 1280 2491 c.
1300 2444 1368 2509 397,
1387 2429 1423 2493 C.
1436 2431 1484 2491 ed.

247 2569 251 2578 ·
387 2525 511 2609 Migne)
547 2581 550 2588 .

465 2629 789 2700 concussorem
831 2625 876 2688 Cf.
891 2626 979 2706 Verg.
989 2627 1099 2688 Aonii.
1115 2629 1174 2702 484
1191 2626 1359 2706 ‘Adparent
1375 2627 1484 2688 Priami

384 2734 415 2786 et
428 2735 558 2787 vetemm
571 2725 731 2803 penetralia
743 2722 864 2803 regum:
875 2725 935 2786 and
948 2725 1024 2787 Psal
1036 2744 1103 2800 104,
1113 2743 1153 2804 go
1164 2730 1172 2758 ‘
1182 2725 1281 2786 Edidit
1290 2736 1367 2786 terra
1380 2743 1483 2786 eorum

385 2842 472 2885 ranas
485 2823 517 2882 in
529 2823 725 2902 penetralibus
738 2833 844 2900 regum·
855 2821 1003 2902 ipsorum!

466 2921 548 2981 loti.
567 2924 624 2982 Ab
642 2937 754 2994 ungue
774 2924 903 2995 primo:
924 2921 961 2984 es.
977 2920 1103 2998 Horace,
1121 2921 1220 2982 earet
1235 2920 1291 2984 111.
1305 2921 1342 2981 ui.
1358 2939 1395 2996 ²⁴
1419 2919 1483 2984 ‘De'

383 3033 485 3082 tenero
499 3020 653 3080 meditatur
665 3015 775 3098 ungui!

464 3135 571 3193 prone
583 3121 765 3190 pudentis:
786 3116 824 3177 cl
840 3116 967 3193 Horace,
980 3118 1020 3179 A.
1033 3117 1074 3180 P.
1089 3119 1129 3179 88
1144 3117 1224 3180 ‘Cur
1243 3117 1356 3179 nesdre
1368 3116 1483 3198 pudens

383 3234 472 3296 prave
485 3234 575 3295 quam
589 3217 700 3278 discere
714 3215 793 3276 mdo
801 3215 831 3275 l’

464 3314 484 3375 l.
499 3333 547 3392 3²·
567 3317 717 3377 Forento.
758 3313 826 3375 The
838 3311 967 3376 author's
986 3313 1191 3394 etymologyis
1205 3333 1239 3375 ao
1255 3315 1339 3376 usual
1353 3313 1480 3376 lancihrl

384 3410 452 3473 The
464 3411 545 3472 word
559 3413 583 3472 is
596 3411 758 3473 connected
772 3411 841 3472 with
853 3411 904 3472 the
918 3409 1004 3472 Latin
1006 3415 1101 3491 soris,
1106 3414 1279 3490 startiam,
1293 3417 1347 3474 dte.

424 3510 457 3570 P.
473 3507 573 3580 106,l
595 3523 622 3586 ¹1.
642 3508 757 3570 Isidore
777 3509 812 3570 ol
829 3508 932 3570 Seville
951 3508 1061 3591 (Opera
1081 3509 1134 3573 IV.
1160 3510 1233 3591 gro)
1251 3528 1320 3589 says
1340 3508 1483 3571 ‘Occatio

382 3618 429 3669 est
459 3625 528 3668 cum
557 3607 663 3681 rustici,
690 3608 803 3668 satione
833 3607 917 3681 lacta,
944 3609 1039 3670 bubus
1067 3609 1201 3682 dimissis,
1229 3608 1355 3688 grandes
1382 3607 1484 3686 glebas

383 3706 508 3766 caedunt
526 3714 556 3765 et
579 3705 725 3782 ligonibus
745 3703 899 3784 frangrmt'
941 3705 1005 3768 Our
1023 3706 1137 3782 author,
1161 3705 1419 3786 notwithstanding
1437 3705 1483 3769 his

382 3802 529 3864 reference
548 3811 580 3862 to
593 3799 716 3874 Isidore,
730 3803 884 3882 obviously
896 3803 1091 3865 understands
1107 3807 1129 3868 it
1146 3824 1179 3867 as
1200 3807 1354 3884 ‘stubbing
1373 3802 1434 3884 up'
1448 3825 1483 3868 cr

383 3895 545 3978 ‘clearing.'
584 3898 630 3961 Ci.
644 3899 707 3960 also
721 3896 816 3962 lewis
829 3901 890 3962 and
904 3900 1000 3975 Short,
1013 3921 1037 3963 s.
1047 3921 1073 3963 v.

462 3996 481 4057 l.
516 4016 562 4074 13.
592 4004 737 4062 rutum.
794 3998 827 4059 P.
856 3998 893 4059 R.
925 4018 961 4077 13
991 3997 1070 4062 Hen
1096 3999 1147 4075 11,
1175 3999 1283 4062 Hono.
1334 4000 1420 4061 Pleas
1449 4002 1486 4062 oi

382 4093 459 4156 Alan
479 4095 516 4157 de
536 4093 633 4156 Nevill
651 4095 817 4158 ‘Ricardus
831 4097 934 4159 Fuillet
953 4098 1048 4160 reddit
1064 4109 1237 4178 compotum
1257 4101 1294 4161 de
1315 4119 1353 4160 rc
1374 4102 1481 4161 marcis

382 4211 439 4274 pro
453 4238 460 4252 .
475 4235 483 4252 .
498 4237 506 4254 .
521 4203 550 4254 et
562 4212 617 4272 pro
630 4193 801 4256 molendino
819 4195 934 4257 firmato
952 4196 983 4256 in
999 4197 1108 4258 foresta
1120 4208 1151 4259 et
1171 4213 1228 4277 pro
1247 4199 1340 4260 sebna
1356 4198 1431 4261 laeta
1449 4199 1481 4259 in

381 4293 506 4367 foresta3
526 4300 556 4354 et
569 4311 623 4373 pro
637 4302 729 4355 wasto
741 4293 888 4355 nemoris'
