3360 5172
405 391 448 460 74
696 331 708 360 '
770 373 837 440 ns
860 369 1133 440 scnccnruo
1402 369 1431 458 [1
1446 381 1499 438 vr

403 567 508 632 penes
528 567 564 613 se
579 546 740 624 habuerit,
756 545 913 612 liberatus
933 565 1000 611 non
1022 545 1093 622 erit,
1107 552 1159 610 set
1180 563 1312 628 semper
1326 563 1498 611 summon-

404 651 519 717 endus.

445 753 642 838 Discr'pulus.
687 754 735 820 Et
749 754 810 821 hec
821 753 1002 820 necessaria
1013 752 1084 818 visa
1098 759 1186 818 sunt.
1224 751 1285 818 Set
1299 771 1498 836 prosequere

404 858 431 925 si
446 859 557 944 placet
572 861 614 924 de
629 857 752 924 officiis

373 989 391 1042 r
446 963 623 1047 Magum.
667 963 777 1027 Immo
810 962 889 1044 quia
917 961 960 1026 de
989 959 1084 1026 taleis
1117 960 1320 1026 mentionem
1350 957 1497 1040 fecimus,

402 1089 471 1152 quo
494 1067 608 1132 ordine
629 1064 774 1131 taleandi
793 1067 879 1131 ratio
901 1066 1060 1130 consistat
1081 1065 1196 1147 paucis
1215 1064 1359 1130 aduerte
1397 1063 1498 1129 Tale-

402 1192 497 1238 arum
512 1171 613 1256 igitur
626 1169 693 1234 alia
713 1179 844 1253 estque
862 1168 1050 1253 simpliciter
1070 1167 1159 1234 talea
1176 1168 1304 1246 dicitur,
1319 1169 1382 1234 alia
1396 1187 1497 1251 quam

403 1275 650 1341 memorandam
666 1293 905 1359 nuncupamus.
938 1272 1119 1358 Legittime
1129 1293 1209 1338 vero
1223 1272 1310 1339 talee
1325 1271 1498 1356 longitudo

402 1399 424 1444 a
452 1378 644 1444 summitate
665 1377 781 1444 indicis
802 1379 846 1443 ad
875 1378 1101 1443 summitatem
1128 1377 1256 1442 extenti
1281 1375 1407 1461 pollicis
1435 1385 1497 1442 est.

358 1503 391 1546 ιο
404 1482 476 1549 illic
490 1483 620 1549 terebro
635 1482 767 1547 rnodico
789 1480 984 1566 perforatur.
1028 1481 1247 1547 Memoranda
1266 1501 1355 1563 vero,
1371 1500 1436 1564 que
1454 1480 1498 1546 de

403 1585 498 1652 firma
512 1585 631 1652 blanca
641 1605 772 1671 semper
785 1584 855 1650 fieri
873 1584 967 1665 solet,
981 1583 1082 1668 paulo
1097 1584 1227 1650 breuior
1242 1595 1294 1651 est
1307 1585 1395 1668 quia,
1407 1582 1496 1650 sacto

364 1703 391 1755 K
404 1693 508 1758 essaio
530 1711 590 1776 per
607 1689 697 1773 quod
715 1688 810 1754 firma
828 1687 1009 1766 dealbatur,
1023 1687 1130 1772 prima
1146 1688 1203 1754 iila
1220 1687 1434 1772 confringitur
1453 1699 1496 1769 et,

402 1795 557 1879 apposita
585 1793 647 1859 sibi
669 1793 757 1858 talea
779 1793 1024 1870 combustionis,
1047 1792 1134 1859 talee
1155 1791 1394 1876 longitudinem
1417 1801 1497 1859 tunc

402 1900 512 1982 primo
527 1905 679 1962 meretur.
724 1896 801 1961 Hac
815 1906 928 1961 autem
943 1897 1069 1962 ratione
1083 1893 1121 1961 fit
1141 1896 1264 1962 incisio.
1309 1896 1350 1960 In
1365 1915 1496 1964 summo

359 2021 389 2076 rs
402 2011 534 2088 ponunt
554 2022 598 2066 ru.
613 2000 646 2068 li.
660 2001 706 2066 sic
723 2009 761 2065 vt
781 2000 896 2064 incisio
918 1999 990 2064 eius
1011 1999 1231 2083 spissitudinis
1250 2000 1361 2085 palrne
1386 2019 1496 2083 capax

401 2107 457 2186 sit,
471 2125 499 2171 c.
515 2104 547 2171 li.
561 2113 597 2168 vt
612 2103 741 2187 pollicis
758 2125 819 2168 xx.
833 2103 867 2167 li.
887 2111 923 2168 vt
947 2103 1147 2182 auricularis,
1162 2103 1246 2168 libre
1264 2104 1360 2169 vnius
1382 2103 1496 2168 incisio

400 2208 497 2292 quasi
522 2208 615 2292 grani
637 2207 729 2272 ordei
756 2205 922 2286 tumentis,
948 2205 1045 2271 solidi
1070 2226 1148 2272 vero
1174 2208 1290 2285 minus,
1316 2208 1363 2272 sic
1385 2215 1497 2272 tamen

402 2322 440 2378 vt
454 2332 499 2376 ex
521 2310 796 2377 conscissionibus
816 2311 889 2376 loco
908 2317 1050 2376 vacuato
1070 2310 1221 2375 modicus
1236 2310 1282 2375 ibi
1302 2311 1413 2376 sulcus
1428 2309 1497 2375 fiat.

403 2415 568 2480 Denarius
591 2413 679 2479 sacta
700 2414 858 2479 incisione
882 2411 975 2478 nullo
996 2415 1133 2497 dempto
1155 2413 1313 2498 signatur.
1357 2415 1414 2478 Ex
1430 2434 1497 2497 qua

358 2539 390 2594 ro
402 2537 482 2583 vero
497 2527 592 2602 parte
613 2515 813 2582 millenarius
830 2517 984 2583 inciditur
1004 2515 1106 2582 alium
1121 2538 1186 2582 non
1208 2538 1310 2602 pones
1323 2537 1497 2583 numerum

402 2622 465 2687 nisi
495 2621 580 2686 sorte
608 2621 751 2686 mediam
780 2621 849 2686 eius
877 2629 1007 2704 partem
1037 2621 1084 2687 sic
1113 2631 1149 2687 vt
1178 2623 1323 2687 mediam
1348 2621 1498 2686 similiter

403 2725 568 2792 incisionis
584 2725 653 2790 eius
671 2734 799 2807 partem
818 2724 933 2789 demas
953 2733 988 2789 et
1008 2724 1092 2789 inira
1109 2726 1300 2791 constituas.
1345 2725 1400 2791 Sic
1416 2723 1498 2790 fitsi

401 2849 429 2895 c.
445 2829 479 2894 li.
499 2828 658 2894 incisurus
677 2849 713 2893 es
732 2837 766 2894 et
783 2849 849 2894 non
868 2830 911 2894 sit
927 2827 973 2892 ibi
989 2827 1190 2894 millenarius
1204 2849 1212 2907 ;
1234 2829 1332 2896 iacies
1346 2830 1391 2895 sic
1405 2838 1440 2894 et
1455 2829 1498 2895 de

403 2954 463 2998 xx.
484 2933 539 3013 li.;
562 2934 664 3000 sicet
684 2933 727 2998 de
749 2955 810 2997 xx.
829 2932 943 2998 solidis
963 2953 1048 3016 quos
1066 2932 1182 2999 libram
1200 2932 1350 2999 dicimus.
1395 2933 1497 3017 Quod

357 3058 389 3120 με
402 3037 430 3102 si
446 3037 541 3102 multi
565 3036 735 3102 millenarii
755 3036 807 3101 vel
830 3037 1010 3102 centenarii
1029 3036 1081 3102 vel
1104 3038 1223 3121 vigene
1239 3036 1397 3102 libranrm
1416 3039 1498 3104 inci·

402 3141 512 3207 dende
540 3151 620 3206 sunt
645 3139 701 3205 lex
726 3142 843 3206 eadem
868 3149 1026 3217 seruetur,
1054 3149 1091 3205 vt
1117 3160 1162 3204 ex
1188 3141 1374 3224 patentiore
1400 3150 1497 3224 parte

403 3247 550 3327 eiusdem
574 3245 667 3323 talee,
689 3246 754 3312 hoc
784 3255 836 3310 est
863 3265 930 3328 que
955 3245 1080 3310 directe
1102 3245 1162 3311 tibi
1187 3246 1382 3331 proponitur
1407 3246 1496 3312 lacta

401 3349 625 3427 annotatione,
637 3349 741 3413 maior
756 3368 918 3428 numerus,
930 3369 974 3412 ex
990 3349 1095 3414 altera
1108 3369 1187 3413 vero
1202 3349 1310 3413 minor
1324 3349 1496 3415 incidatur.

403 3451 460 3518 Ex
485 3452 671 3536 patentiore
700 3473 777 3516 vero
802 3461 898 3534 parte
927 3471 1057 3536 semper
1081 3462 1132 3519 est
1156 3452 1260 3516 maior
1283 3472 1437 3517 numenrs
1463 3454 1498 3518 in

358 3583 390 3634 30
402 3575 544 3634 summo,
558 3575 603 3618 ex
622 3554 730 3620 minus
749 3563 884 3638 patente
903 3575 1034 3638 semper
1054 3555 1160 3620 minor
1176 3552 1254 3642 [hoc
1275 3565 1325 3620 est
1347 3551 1496 3644 denarii}

403 3658 518 3723 Marce
543 3658 669 3740 argenti
691 3659 734 3722 ad
754 3658 953 3724 scaccarium
971 3657 1086 3724 incisio
1105 3657 1177 3724 sola
1196 3657 1412 3742 significatiua
1431 3679 1498 3724 non

402 3770 462 3839 est,
476 3770 527 3826 set
541 3780 602 3843 per
616 3760 740 3825 solidos
758 3761 957 3845 designatur.
1002 3761 1152 3828 Marcam
1166 3772 1279 3828 autem
1293 3763 1363 3827 auri
1378 3762 1412 3826 in
1428 3783 1497 3828 me·

401 3864 458 3931 dio
478 3863 565 3929 talee
583 3865 669 3929 sicut
690 3863 805 3930 libram
828 3885 928 3930 unam
950 3865 1082 3932 incidas.
1116 3865 1267 3932 Aureum
1289 3886 1368 3930 vero
1393 3886 1497 3931 vnum

402 3987 470 4036 non
487 3986 619 4052 prorsus
636 3975 672 4032 vt
687 3977 881 4050 argenteum
901 3977 953 4032 set
974 3971 1076 4034 ducto
1097 3969 1219 4034 directe
1239 3969 1412 4034 incidentis
1428 3970 1497 4035 cul·

440 4095 595 4166 lpenasR
641 4093 826 4166 7simplexC
858 4096 1063 4168 9vsqueadN
1098 4095 1247 4153 uinctaC
1294 4097 1496 4164 141nsummo

402 4181 457 4223 om.
468 4167 497 4221 R
573 4167 662 4235 15,16
679 4165 736 4224 sic.
747 4204 755 4221 .
766 4185 824 4222 ane
836 4165 864 4220 li
879 4167 1004 4240 Cmarg.
1081 4179 1111 4238 ις
1133 4165 1185 4237 [sic
1198 4165 1329 4236 veiseis]
1342 4167 1395 4222 has
1406 4170 1498 4239 apices

402 4235 493 4296 onec
540 4235 605 4307 [inis
618 4234 949 4308 pal]lrasapicesom.C
1011 4237 1044 4293 16
1059 4236 1094 4308 [c.
1107 4236 1227 4308 li.vtp.]
1240 4239 1500 4310 hasaprtesomae

403 4321 437 4366 22
448 4305 479 4362 fit
490 4323 544 4367 orn.
553 4307 613 4363 NR
654 4306 867 4376 udecimnsR
913 4308 949 4364 26
960 4309 1123 4366 sematurC
1167 4308 1297 4379 27quiC
1323 4309 1426 4364 sibiN
1461 4323 1497 4380 29

402 4388 433 4436 vt
446 4377 604 4452 potentiore
613 4379 650 4436 Ν
698 4387 741 4438 est
754 4395 807 4436 om.
819 4379 856 4436 Ν
906 4393 939 4451 31
948 4383 1016 4450 post
1026 4379 1194 4437 Marceadd.
1207 4395 1272 4436 vero
1284 4380 1372 4450 C,sed
1375 4379 1496 4438 deletum
