3290 5134
185 355 288 451 rvc]
549 366 616 432 os
640 365 912 436 scaccnmo
1240 369 1282 457 69

182 548 329 622 quatuor
354 538 509 606 scaccarii
532 538 637 605 latera
662 547 805 624 quatuor
828 542 908 626 poni
931 541 1047 608 sedilia
1070 543 1123 608 vel
1149 564 1283 611 scamna.

185 642 245 707 Ad
262 645 371 727 capud
390 664 469 708 vero
484 645 647 724 scaccarii,
663 643 728 710 hoc
748 655 800 710 est
814 646 902 710 vnde
916 645 1059 711 latitudo
1079 648 1282 726 discernitur,

186 747 221 811 in
237 749 430 813 medionon
451 747 564 813 sedilis
579 748 638 814 sed
652 747 808 814 scaccarii
821 749 912 814 locus
928 759 979 814 est
993 749 1080 816 illius
1094 751 1283 836 principalis

185 851 319 934 dequo
348 850 602 936 supradiximus
648 852 690 916 In
719 852 793 917 leua
822 853 893 917 eius
922 853 1030 937 primo
1056 854 1131 920 loco
1159 856 1282 920 residet

183 952 397 1018 cancellarius
426 953 555 1019 ratione
584 953 682 1019 officii
708 955 770 1036 sui,
798 956 825 1019 si
854 955 971 1021 adesse
996 977 1071 1020 eum
1098 958 1310 1042 contigerit,5

184 1056 371 1139 posthunc
394 1056 488 1122 miles
510 1057 680 1141 gregarius
703 1077 803 1141 quem
830 1057 1109 1125 constabularium
1133 1061 1316 1140 dicimusls
1427 1069 1429 1084 ¹

185 1169 262 1242 post
288 1159 376 1225 hunc
397 1161 466 1224 duo
485 1162 666 1239 camerarii,
691 1163 780 1246 prior
801 1171 914 1228 autern
938 1162 995 1246 qui
1020 1163 1141 1228 intuitu
1164 1183 1282 1247 prone·

184 1263 297 1328 ctioris
314 1264 412 1329 etatis
426 1265 646 1331 venerabilior
662 1286 734 1331 esse
748 1265 923 1344 videbitur,
938 1275 1016 1351 post
1032 1266 1094 1331 hos
1113 1267 1207 1334 miles
1224 1271 1282 1353 qui

184 1367 285 1450 vulgo
300 1368 421 1433 dicitur
450 1368 672 1435 marescallus.
717 1368 911 1436 inseruntur
938 1378 1052 1434 tamen
1081 1370 1282 1454 quandoque

183 1469 240 1534 alii
255 1471 318 1535 hiis
333 1471 523 1537 absentibus
540 1472 594 1537 vel
609 1471 694 1538 forte
712 1473 758 1538 eis
776 1472 984 1558 presentibus
999 1473 1026 1536 si
1046 1481 1140 1538 tanta
1155 1472 1327 1540 scilicet10

183 1572 282 1640 suerit
298 1574 478 1640 auctoritas
495 1595 610 1641 eorum
625 1576 683 1660 qui
698 1597 718 1642 a
734 1597 812 1660 rege
832 1576 1040 1642 destinantur
1053 1586 1089 1642 vt
1104 1577 1150 1640 eis
1165 1580 1281 1643 cedere

183 1678 353 1756 debeant;
376 1685 410 1741 et
431 1677 493 1745 bec
515 1688 566 1744 est
589 1679 764 1764 dispositio
786 1681 884 1765 primi
906 1677 1029 1745 sedilis.
1076 1680 1115 1744 In
1134 1681 1281 1746 secundo

183 1802 261 1847 vero
276 1783 365 1866 quod
382 1791 432 1846 est
447 1781 490 1847 ad
506 1782 593 1848 latus
603 1782 820 1866 longitudinis
831 1783 983 1849 scaccarii
998 1783 1032 1848 in
1044 1783 1153 1867 primo
1170 1782 1281 1865 capite

182 1885 307 1950 residet
321 1884 456 1951 clericus
467 1884 521 1951 vel
536 1884 618 1952 alius
629 1887 775 1951 seruiens
786 1885 1040 1952 camerariorum
1052 1907 1127 1952 cum
1141 1887 1282 1953 recautis

182 1989 248 2054 hoc
263 1997 314 2054 est
329 2009 403 2056 cum
422 1989 634 2056 contrataleis
649 1989 692 2055 de
712 2000 855 2075 recepta,
870 2001 946 2075 post
965 1990 1063 2068 hunc,
1078 1989 1281 2074 interpositis
1295 2010 1325 2062 15

182 2093 384 2176 quibusdam
408 2093 466 2175 qui
496 2113 564 2160 non
597 2115 642 2159 ex
668 2093 778 2162 officio
803 2095 949 2160 resident
977 2104 1028 2158 set
1052 2103 1131 2160 sunt
1159 2114 1180 2159 a
1203 2114 1281 2178 rege

184 2197 287 2278 missi,
300 2197 392 2264 locus
407 2207 458 2264 est
473 2197 567 2280 quasi
583 2198 617 2262 in
632 2198 743 2264 medio
757 2197 868 2263 lateris
881 2197 1037 2264 scaccarii
1053 2197 1099 2263 illi
1115 2197 1171 2282 qui
1188 2217 1280 2263 com·
1393 2219 1396 2224 ·

182 2311 282 2384 potos
297 2301 461 2383 positione
479 2301 575 2385 ponit
592 2300 792 2367 calculorum
806 2319 815 2381 ;
839 2299 1019 2387 posthunc
1035 2300 1136 2384 aliqui
1152 2321 1218 2366 non
1234 2322 1279 2367 ex

182 2404 291 2470 officio
306 2404 478 2470 necessarii
488 2414 601 2471 tamen
616 2415 650 2471 et
661 2404 695 2469 in
708 2403 773 2470 line
784 2404 895 2470 sedilis
906 2403 993 2469 illius
1009 2406 1130 2470 residet
1145 2405 1280 2472 clericus

183 2508 241 2590 qui
255 2509 430 2593 scriptorio
450 2518 562 2592 preest
579 2517 614 2574 et
633 2507 687 2574 bic
708 2529 753 2573 ex
772 2507 888 2575 officio.
953 2507 1010 2575 Sic
1025 2507 1128 2573 habes
1142 2508 1279 2575 secundi
1295 2530 1326 2566 πο

183 2612 296 2675 scanni
312 2611 575 2696 dispositionem.
606 2611 733 2677 Verum
745 2612 788 2677 ad
803 2612 959 2677 dextram
978 2611 1174 2696 presidentis
1189 2611 1281 2677 iusti·

183 2715 270 2780 tiarii
300 2714 422 2779 residet
455 2716 564 2799 primo
593 2715 668 2784 loco
705 2735 793 2781 nunc
829 2713 1068 2781 Wintoniensis
1104 2716 1281 2799 episcopus

183 2818 353 2900 quondam
377 2819 581 2884 Pictauensis
602 2819 852 2884 archidiaconus
876 2839 920 2884 ex
942 2818 1050 2884 officio
1070 2819 1205 2902 quidem
1229 2827 1281 2885 set

185 2941 230 2986 ex
245 2922 376 2986 nouella
386 2923 676 3001 constitutionevt
687 2922 810 2990 scilicet
825 2923 998 3007 proximus
1016 2922 1060 2988 sit
1074 2921 1279 2987 thesaurario

183 3033 217 3089 et
240 3024 399 3109 scripture
421 3026 519 3091 rotuli
543 3026 721 3110 diligenter
742 3027 903 3090 intendat.
949 3025 1029 3089 Post
1051 3023 1139 3088 hunc
1159 3025 1280 3090 residet
1295 3046 1324 3098 τε

182 3128 404 3194 thesaurarius
419 3129 453 3195 in
469 3131 580 3215 capite
594 3130 739 3196 secunde
753 3129 840 3194 sedis
858 3127 892 3192 in
906 3130 1056 3206 dextera,
1072 3127 1124 3193 cui
1139 3126 1278 3212 diligen·

183 3233 313 3298 tissima
326 3253 405 3298 cura
416 3243 467 3300 <st
478 3254 539 3318 per
550 3233 679 3318 singula
690 3253 756 3317 que
767 3232 833 3298 illic
844 3241 1001 3317 geruntur
1011 3231 1107 3314 quasi
1119 3231 1279 3296 rationem

182 3338 227 3402 de
240 3336 303 3403 hiis
318 3338 474 3403 omnibus
489 3339 518 3403 si
536 3337 719 3424 oportuerit
734 3337 912 3402 reddituro.
958 3335 1040 3400 Post
1055 3334 1143 3399 hunc
1158 3334 1281 3400 residet

184 3440 321 3506 clericus
346 3440 417 3506 eius
441 3441 583 3525 scriptor
603 3437 704 3507 rotuli
729 3441 771 3506 de
796 3439 959 3513 thesauro,
982 3447 1060 3521 post
1083 3436 1170 3502 hunc
1195 3435 1280 3500 alius
1306 3489 1309 3498 .

182 3544 324 3629 scriptor
342 3542 440 3609 rotuli
460 3545 503 3609 de
523 3543 729 3624 cancellaria,
743 3552 820 3628 post
839 3542 926 3607 hunc
943 3540 1080 3606 clericus
1094 3539 1279 3607 cancellarii
1293 3557 1326 3609 30

181 3648 238 3732 qui
263 3646 394 3713 oculata
416 3646 482 3713 fide
503 3667 634 3732 semper
655 3647 816 3732 prospicit
837 3655 873 3712 vt
896 3645 1021 3712 rotulus
1044 3665 1121 3710 suus
1142 3643 1198 3709 alii
1221 3651 1313 3728 perc

179 3751 311 3835 singula
327 3751 572 3836 respondeatvt
587 3770 648 3816 nec
663 3752 732 3816 iota
746 3771 847 3814 vnum
863 3749 949 3814 desit
965 3768 1025 3814 nec
1036 3748 1121 3813 alius
1135 3748 1180 3813 sit
1194 3747 1279 3813 ordo

180 3855 354 3936 scribendi,
364 3863 442 3937 post
456 3853 543 3920 hunc
558 3853 652 3938 quasi
665 3853 699 3918 in
710 3853 775 3918 fine
786 3853 898 3920 sedilis
909 3852 994 3918 illius
1009 3853 1129 3918 residet
1140 3851 1280 3919 clericus
1376 3871 1379 3878 ⁴

182 3956 430 4037 constabularie,
446 3977 586 4043 magnus
609 3956 744 4039 quidem
766 3965 801 4022 et
820 3957 984 4023 officiosus
999 3955 1032 4021 in
1050 3955 1178 4021 domini
1194 3955 1279 4040 regis

181 4062 273 4126 curia
288 4069 320 4125 et
336 4060 391 4125 hic
405 4060 538 4144 quidem
556 4060 683 4126 habens
697 4059 841 4125 officium
861 4059 952 4142 quod
968 4079 1027 4144 per
1046 4079 1083 4123 se
1098 4059 1208 4141 ipsum
1225 4058 1278 4123 vel
1293 4076 1324 4129 ts

218 4195 453 4278 3contingatN·
522 4207 538 4264 7
584 4195 703 4274 steaN
777 4196 1035 4265 91nseruunturR
1114 4194 1147 4250 16
1156 4192 1279 4276 'quibus-

182 4266 388 4406 tritt
407 4265 672 4407 tibilim
691 4265 1081 4418 η’ἑῖιῗέἓῖἓξρωιὸ
1099 4265 1282 4394 trit-'tri

179 4422 214 4480 31
233 4408 346 4465 oculata
357 4407 560 4465 Lr'ehermann:
583 4407 780 4466 occutacodd.
849 4405 1039 4480 prosprcth
