3360 5172
518 432 585 498 un
631 430 904 500 scaccnruo¹
1207 415 1271 516 '155

170 605 277 690 sequii
292 604 421 690 prestiti
431 602 489 670 -vel
509 603 583 669 solo
603 604 747 670 caritatis
766 603 912 687 intuitu;
936 605 1136 690 quibusdam
1151 614 1274 685 autem,

170 709 245 796 lege
260 709 466 775 condicionis
481 705 635 783 humane,
650 728 710 774 nec
732 728 830 792 prece
845 729 906 774 nec
922 709 1034 794 pretio
1053 709 1275 793 vultadquie-

170 833 269 892 scere,
292 812 503 879 obstantibus
527 811 692 877 interdum
720 832 834 877 eorum
857 813 990 892 meritis,
1019 812 1076 896 qui
1104 813 1274 897 possidere

171 927 360 997 noscuntur,
372 915 424 982 vel
434 916 520 981 forte
532 917 671 999 propriis
680 915 919 999 postulantium
931 917 1055 980 meritis
1064 936 1273 1001 nequaquam

170 1021 234 1086 hoc
254 1020 478 1104 exigentibus,
492 1019 571 1104 quia
590 1018 643 1085 vel
664 1019 699 1084 in
721 1039 869 1103 regnum,
891 1018 943 1083 vel
964 1020 999 1083 in
1020 1039 1131 1102 regem
1154 1019 1300 1102 ipsu'mg

129 1151 135 1162 ·
171 1123 295 1208 aliquid
318 1123 493 1209 deliquisse
512 1123 696 1207 culpantur.
741 1122 796 1188 De
817 1122 869 1187 his
889 1133 1002 1188 autem
1028 1123 1076 1188 sic
1102 1122 1272 1189 constituit

171 1248 232 1292 rex
251 1227 385 1310 insignis
405 1235 442 1292 vt
461 1234 641 1310 antequam
661 1235 789 1292 rectum
808 1227 994 1304 habuerint,
1012 1227 1077 1291 hoc
1097 1234 1157 1301 est,
1178 1234 1271 1290 ante-

171 1352 273 1415 quam
289 1351 348 1416 per
362 1331 561 1396 sententiam
578 1329 790 1412 obtinuerint,
800 1330 853 1396 vel
869 1351 904 1396 re
917 1331 979 1395 sibi
995 1331 1127 1414 penitus
1141 1328 1271 1394 abiudi-

171 1444 257 1514 cata,
281 1434 325 1499 ab
351 1435 443 1499 omni
468 1455 528 1520 spe
557 1434 744 1514 ceciderint,
769 1435 812 1499 de
837 1433 961 1500 oblatis
990 1433 1038 1498 nil
1059 1432 1198 1514 soluant,
1219 1443 1272 1499 set

171 1537 312 1603 sufficiat
340 1538 384 1602 de
413 1536 604 1603 huiusmodi
636 1537 867 1602 vicecomitem
894 1538 1100 1621 respondere,
1124 1543 1270 1602 ‘rectum
1286 1563 1317 1600 ιο

171 1641 321 1707 nondum
342 1639 548 1707 habuerunt!
595 1638 774 1706 Prouideat
795 1650 907 1706 tamen
937 1641 1118 1706 vicecomes
1140 1661 1184 1705 ne
1212 1660 1273 1725 per

92 1763 95 1768 ·
172 1747 280 1829 ipsum
296 1744 484 1810 debitorem
496 1753 564 1810 stet
579 1745 757 1828 quominus
772 1764 871 1810 causa
886 1745 956 1809 eius
971 1744 1160 1809 executioni
1178 1763 1269 1808 man·

171 1851 269 1915 detur
289 1849 317 1912 si
338 1847 465 1913 scilicet
486 1847 546 1913 iuri
569 1869 605 1912 se
626 1847 711 1913 nolit
736 1847 861 1926 offerre,
879 1857 916 1914 vt
933 1847 996 1914 hac
1018 1857 1090 1913 arte
1110 1847 1277 1942 promissa·

171 1951 233 2018 sibi
260 1952 401 2036 pecunia
422 1972 483 2016 rex
508 1950 686 2022 fraudetur.
731 1949 818 2016 Cum
847 1951 936 2044 enim
969 1951 1032 2016 hoc
1062 1960 1271 2034 compertum

171 2055 269 2122 luerit
288 2054 384 2120 dolus
399 2055 430 2121 ei
445 2075 514 2120 non
529 2056 715 2135 subueniet,
732 2063 784 2120 set
799 2075 858 2140 per
872 2055 985 2120 omnia
1006 2055 1054 2121 sic
1068 2054 1272 2120 coercebitur
1286 2061 1315 2132 13

170 2178 210 2224 ac
232 2160 260 2224 si
282 2180 341 2243 per
361 2159 561 2225 sententiam
585 2157 802 2240 obtinuisset;
831 2159 928 2223 huius
954 2168 1068 2248 autem*
1088 2143 1271 2241 spontanee

171 2263 338 2329 dilationis
357 2272 407 2328 est
425 2261 557 2348 signum
577 2282 652 2327 cum
672 2262 773 2327 breue
791 2262 877 2346 regis
892 2281 994 2344 penes
1008 2281 1045 2326 se
1062 2261 1210 2328 detinens
1230 2281 1271 2326 co

172 2387 238 2432 non
265 2368 379 2431 vtitur.
439 2364 534 2430 Solet
563 2373 677 2431 tamen
709 2384 785 2430 cum
814 2364 876 2441 his,
907 2365 1083 2430 miserente
1111 2364 1269 2448 principe,

171 2470 282 2536 mitius
298 2471 353 2555 agi
368 2469 425 2552 qui
441 2478 519 2552 post
533 2468 726 2552 promissam
742 2467 917 2554 pecuniam
931 2489 952 2534 a
967 2488 1066 2533 causa
1080 2469 1213 2547 cadunt,
1228 2489 1271 2532 ne

170 2595 230 2657 spe
262 2594 322 2639 sua
348 2572 502 2650 frustrati,
527 2572 624 2638 rebus
650 2573 749 2638 etiam
778 2572 849 2638 sine
873 2572 1101 2639 emolumento
1124 2571 1269 2655 spoliati,
1284 2595 1315 2632 20

171 2675 294 2762 duplici
310 2676 508 2742 contritione
521 2685 745 2743 conterantur.

215 2779 301 2845 Sunt
324 2781 403 2846 item
428 2780 517 2846 tertii
539 2780 668 2864 generis
690 2778 915 2856 obuentiones,
937 2799 1003 2862 que
1027 2799 1094 2845 uon
1114 2778 1269 2845 videntur
1284 2790 1381 2851 mni

172 2904 303 2969 prorsus
329 2885 413 2950 inter
439 2883 553 2950 oblata
582 2883 815 2969 computande,
843 2893 895 2950 set
924 2883 1031 2966 magis
1056 2881 1197 2947 ‘Fines’
1222 2883 1266 2947 ad

171 2989 371 3053 scaccarium
386 2987 549 3052 dicuntur.
595 2987 682 3053 Cum
693 2988 817 3052 scilicet
831 2987 875 3052 de
887 3007 965 3070 rege
979 2997 1095 3052 tenens
1110 2987 1143 3052 in
1158 2987 1267 3070 capite

171 3090 351 3170 baroniam,
366 3090 481 3157 relicto
495 3081 625 3167 herede,
637 3091 821 3170 decesserit,
833 3099 866 3155 et
882 3090 972 3157 idem
986 3090 1081 3156 heres
1096 3109 1171 3156 cum
1191 3111 1268 3175 rege
1281 3104 1321 3169 ²5¹

171 3199 206 3261 in
220 3215 322 3280 quarn
334 3203 445 3280 potest
460 3213 624 3261 summam
638 3194 817 3279 componit,
828 3203 864 3259 vt
875 3194 1001 3278 paterni
1013 3193 1092 3259 iuris
1104 3202 1268 3260 mereatur

171 3301 363 3384 ingressum,
377 3318 477 3381 quem
496 3297 598 3363 finem
618 3296 819 3363 ‘releuium'
833 3297 935 3381 vulgo
950 3296 1090 3364 dicimus
1104 3317 1113 3376 ;
1134 3297 1225 3382 quod
1239 3296 1267 3360 si

171 3402 308 3468 baronia
323 3410 382 3481 est,
400 3402 434 3467 in
449 3402 536 3488 regis
551 3410 602 3467 est
616 3401 826 3485 beneplacito
840 3422 905 3486 que
916 3401 1038 3468 debeat
1052 3422 1123 3468 esse
1136 3420 1268 3466 summa

171 3505 294 3573 releuii.
339 3503 376 3571 Si
398 3525 478 3571 vero
500 3506 543 3571 de
572 3504 725 3572 eschaeta
754 3504 860 3585 fuerit,
884 3524 950 3588 que
978 3505 1013 3572 in
1042 3526 1142 3572 manu
1172 3505 1266 3590 regis,

171 3609 345 3676 deficiente
373 3607 504 3691 herede,
526 3609 578 3676 vel
610 3607 716 3691 aliter,
744 3607 905 3685 inciderit,
938 3630 999 3694 pro
1026 3609 1126 3676 feodo
1155 3609 1267 3675 militis
1280 3635 1320 3686 30·
1371 3602 1374 3608 ’

170 3715 265 3783 vnius
286 3711 351 3778 hoc
373 3721 506 3778 tantum
527 3712 606 3797 regi,
624 3712 757 3779 nomine
779 3712 903 3793 releuii,
924 3713 1040 3792 soluet,
1062 3713 1152 3797 quod
1180 3721 1266 3778 esset

171 3838 232 3884 suo
247 3817 384 3883 domino
405 3816 578 3894 soluturus,
591 3816 656 3882 hoc
670 3825 721 3881 est
731 3823 865 3882 centum
879 3816 1011 3882 solidos.
1055 3814 1141 3883 Sunt
1155 3829 1267 3883 autem

171 3920 229 4006 qui
244 3919 379 3986 credant
394 3939 462 3998 eos,
477 3919 534 4003 qui
552 3918 588 3984 in
602 3918 731 3985 releuiis
745 3917 814 4004 regi
830 3928 984 3986 tenentur
998 3941 1059 3987 nec
1073 3921 1269 3987 summoniti

171 4023 315 4100 soluunt,
330 4032 591 4108 spontaneorum
606 4023 794 4091 oblatorum
809 4022 938 4109 legibus
953 4023 1118 4090 obnoxios
1130 4033 1176 4104 ut,
1190 4045 1267 4090 cum

171 4127 331 4194 soluendo
353 4147 421 4193 non
441 4126 578 4210 ¹luerint,
600 4137 733 4194 careant
754 4127 947 4211 impetratis.
994 4126 1043 4193 At
1068 4129 1174 4193 verius
1201 4128 1267 4194 dici
1281 4148 1322 4203 35·

171 4240 284 4317 potest
301 4239 347 4310 vt,
361 4231 447 4297 sicut
466 4233 510 4298 de
531 4229 725 4316 pecuniariis
747 4229 840 4315 penis
859 4230 907 4315 fit,
920 4229 967 4296 sic
986 4231 1045 4298 fiat
1066 4232 1110 4298 de
1130 4231 1269 4298 releuiis.

210 4385 392 4457 rquibusN
499 4385 690 4453 yestmN
790 4381 995 4456 9de]dumR
1101 4385 1271 4455 isdelusR

174 4468 207 4524 17
225 4456 337 4530 signum
348 4457 441 4514 onaR
492 4455 589 4530 breue]
607 4456 751 4515 habereR
831 4469 864 4528 31
883 4458 995 4514 musR
1076 4455 1277 4529 36sic1vtN
